
  <record>
    <leader>01000aam  22002601a 4500</leader>
    <controlfield tag="001">YPZ98695</controlfield>
    <controlfield tag="003">YPZ</controlfield>
    <controlfield tag="005">201407171554360</controlfield>
    <controlfield tag="008">140717|###########||||||b||||||||||spa|d</controlfield>
    <datafield tag="040" ind1=" " ind2=" ">
      <subfield code="c">SIUNPA</subfield>
    </datafield>
    <datafield tag="041" ind1=" " ind2=" ">
      <subfield code="a">spa</subfield>
    </datafield>
    <datafield tag="044" ind1=" " ind2=" ">
      <subfield code="a">MX</subfield>
    </datafield>
    <datafield tag="082" ind1=" " ind2=" ">
      <subfield code="a">336.74 N549t</subfield>
    </datafield>
    <datafield tag="100" ind1=" " ind2=" ">
      <subfield code="a">Newlyn, Walter Tessier.</subfield>
    </datafield>
    <datafield tag="245" ind1=" " ind2=" ">
      <subfield code="a">Teoría monetaria</subfield>
      <subfield code="c"> / Pimentel, Rubén, tr.</subfield>
    </datafield>
    <datafield tag="250" ind1=" " ind2=" ">
      <subfield code="a">1a ed. en español, 1a reimpr.</subfield>
    </datafield>
    <datafield tag="260" ind1=" " ind2=" ">
      <subfield code="a">México, D.F.</subfield>
      <subfield code="b"> : Fondo de Cultura Económica</subfield>
      <subfield code="c"> , 1969</subfield>
    </datafield>
    <datafield tag="942" ind1=" " ind2=" ">
      <subfield code="c">BK</subfield>
    </datafield>
    <datafield tag="952" ind1=" " ind2=" ">
      <subfield code="a">BIB_UARG</subfield>
      <subfield code="b">BIB_UARG</subfield>
      <subfield code="d">2014-07-07</subfield>
      <subfield code="y">BK</subfield>
      <subfield code="p">05-46330</subfield>
    </datafield>
  </record>