
  <record>
    <leader>01000aam  22002601a 4500</leader>
    <controlfield tag="001">YPZ98708</controlfield>
    <controlfield tag="003">YPZ</controlfield>
    <controlfield tag="005">201408041249230</controlfield>
    <controlfield tag="008">140804|###########||||||b||||||||||spa|d</controlfield>
    <datafield tag="020" ind1=" " ind2=" ">
      <subfield code="a">8433533304</subfield>
    </datafield>
    <datafield tag="040" ind1=" " ind2=" ">
      <subfield code="c">SIUNPA</subfield>
    </datafield>
    <datafield tag="041" ind1=" " ind2=" ">
      <subfield code="a">spa</subfield>
    </datafield>
    <datafield tag="044" ind1=" " ind2=" ">
      <subfield code="a">ES</subfield>
    </datafield>
    <datafield tag="082" ind1=" " ind2=" ">
      <subfield code="a">336.71 B213ba</subfield>
    </datafield>
    <datafield tag="100" ind1=" " ind2=" ">
      <subfield code="a">Wilson, J.S.G..</subfield>
    </datafield>
    <datafield tag="700" ind1=" " ind2=" ">
      <subfield code="a">Opie, R.G..</subfield>
    </datafield>
    <datafield tag="700" ind1=" " ind2=" ">
      <subfield code="a">Ceriani, L..</subfield>
    </datafield>
    <datafield tag="700" ind1=" " ind2=" ">
      <subfield code="a">Lutz, Vera C..</subfield>
    </datafield>
    <datafield tag="700" ind1=" " ind2=" ">
      <subfield code="a">Linder, W..</subfield>
    </datafield>
    <datafield tag="700" ind1=" " ind2=" ">
      <subfield code="a">Johnson, Silvia M..</subfield>
    </datafield>
    <datafield tag="700" ind1=" " ind2=" ">
      <subfield code="a">Clayton, G..</subfield>
    </datafield>
    <datafield tag="700" ind1=" " ind2=" ">
      <subfield code="a">Sánchez Tabarés, Ramón.</subfield>
    </datafield>
    <datafield tag="245" ind1=" " ind2=" ">
      <subfield code="a">La banca en Europa occidental</subfield>
      <subfield code="c"> / Sayers, R.S., dir. ; Muñoz Latorre, Enrique, tr.</subfield>
    </datafield>
    <datafield tag="260" ind1=" " ind2=" ">
      <subfield code="a">Barcelona</subfield>
      <subfield code="b"> : Labor</subfield>
      <subfield code="c"> , 1973</subfield>
    </datafield>
    <datafield tag="440" ind1=" " ind2=" ">
      <subfield code="a">Colección ciencia y técnica. Sección Matemática y Estadística</subfield>
      <subfield code="a">Biblioteca del pensamiento socialista. Serie los clásicos</subfield>
      <subfield code="a">Biblioteca del pensamiento socialista. Serie los clásicos</subfield>
      <subfield code="a">Colección Demos. Biblioteca de Ciencia Económica</subfield>
      <subfield code="a">Sección de obras de economía</subfield>
      <subfield code="a">Sección de obras de economía</subfield>
      <subfield code="a">Sección de obras de economía</subfield>
      <subfield code="a">Sección de obras de economía</subfield>
      <subfield code="a">Biblioteca de economía política</subfield>
      <subfield code="a">Biblioteca de economía política</subfield>
      <subfield code="a">Biblioteca de economía política</subfield>
      <subfield code="a">Selecciones de economía. Serie plata</subfield>
      <subfield code="a">Sección de obras de economía</subfield>
      <subfield code="a">Biblioteca universitaria labor</subfield>
      <subfield code="v">29</subfield>
    </datafield>
    <datafield tag="490" ind1=" " ind2=" ">
      <subfield code="a">Colección ciencia y técnica. Sección Matemática y Estadística</subfield>
      <subfield code="a">Biblioteca del pensamiento socialista. Serie los clásicos</subfield>
      <subfield code="a">Biblioteca del pensamiento socialista. Serie los clásicos</subfield>
      <subfield code="a">Colección Demos. Biblioteca de Ciencia Económica</subfield>
      <subfield code="a">Sección de obras de economía</subfield>
      <subfield code="a">Sección de obras de economía</subfield>
      <subfield code="a">Sección de obras de economía</subfield>
      <subfield code="a">Sección de obras de economía</subfield>
      <subfield code="a">Biblioteca de economía política</subfield>
      <subfield code="a">Biblioteca de economía política</subfield>
      <subfield code="a">Biblioteca de economía política</subfield>
      <subfield code="a">Selecciones de economía. Serie plata</subfield>
      <subfield code="a">Sección de obras de economía</subfield>
      <subfield code="a">Biblioteca universitaria labor</subfield>
      <subfield code="v">29</subfield>
    </datafield>
    <datafield tag="942" ind1=" " ind2=" ">
      <subfield code="c">BK</subfield>
    </datafield>
    <datafield tag="952" ind1=" " ind2=" ">
      <subfield code="a">BIB_UARG</subfield>
      <subfield code="b">BIB_UARG</subfield>
      <subfield code="d">2014-08-04</subfield>
      <subfield code="y">BK</subfield>
      <subfield code="p">05-46339</subfield>
    </datafield>
  </record>