
  <record>
    <leader>01000aam  22002601a 4500</leader>
    <controlfield tag="001">YPZ98740</controlfield>
    <controlfield tag="003">YPZ</controlfield>
    <controlfield tag="005">201408120833440</controlfield>
    <controlfield tag="008">140812|###########||||||b||||||||||spa|d</controlfield>
    <datafield tag="020" ind1=" " ind2=" ">
      <subfield code="a">8385620389</subfield>
    </datafield>
    <datafield tag="040" ind1=" " ind2=" ">
      <subfield code="c">SIUNPA</subfield>
    </datafield>
    <datafield tag="041" ind1=" " ind2=" ">
      <subfield code="a">spa</subfield>
    </datafield>
    <datafield tag="044" ind1=" " ind2=" ">
      <subfield code="a">PL</subfield>
    </datafield>
    <datafield tag="082" ind1=" " ind2=" ">
      <subfield code="a">R911(038) E771e</subfield>
    </datafield>
    <datafield tag="245" ind1=" " ind2=" ">
      <subfield code="a">El espacio en la cultura latinoamericana</subfield>
      <subfield code="b"> : memorias de la III reunión del proyecto</subfield>
      <subfield code="c"> / Lisocka-Jaegermann, Bogumita, ed. ; Dembicz, Andrzej,  coord.</subfield>
    </datafield>
    <datafield tag="260" ind1=" " ind2=" ">
      <subfield code="a">Varsovia</subfield>
      <subfield code="b"> : Centro de Estudios Latinoamericanos, CESLA, Universidad de Varsovia</subfield>
      <subfield code="c"> , 1998</subfield>
    </datafield>
    <datafield tag="440" ind1=" " ind2=" ">
      <subfield code="a">Sección de obras de Sociología</subfield>
      <subfield code="a">Estudios internacionales. Economía y Demografía</subfield>
      <subfield code="a">El espacio en la cultura latinoamericana. Diccionario Analitico</subfield>
      <subfield code="v">4</subfield>
    </datafield>
    <datafield tag="490" ind1=" " ind2=" ">
      <subfield code="a">Sección de obras de Sociología</subfield>
      <subfield code="a">Estudios internacionales. Economía y Demografía</subfield>
      <subfield code="a">El espacio en la cultura latinoamericana. Diccionario Analitico</subfield>
      <subfield code="v">4</subfield>
    </datafield>
    <datafield tag="500" ind1=" " ind2=" ">
      <subfield code="a">En portada: Grupo de Trabajo de Estudios Regionales CEISAL, Consejo Europeo de Investigaciones Sociales de América Latina</subfield>
    </datafield>
    <datafield tag="942" ind1=" " ind2=" ">
      <subfield code="c">BK</subfield>
    </datafield>
    <datafield tag="952" ind1=" " ind2=" ">
      <subfield code="a">BIB_UARG</subfield>
      <subfield code="b">BIB_UARG</subfield>
      <subfield code="d">2014-08-12</subfield>
      <subfield code="y">BK</subfield>
      <subfield code="p">05-46346</subfield>
    </datafield>
  </record>