
  <record>
    <leader>01000aam  22002601a 4500</leader>
    <controlfield tag="001">YPZ98746</controlfield>
    <controlfield tag="003">YPZ</controlfield>
    <controlfield tag="005">201408120931190</controlfield>
    <controlfield tag="008">140812|###########||||||b||||||||||spa|d</controlfield>
    <datafield tag="020" ind1=" " ind2=" ">
      <subfield code="a">9514584821</subfield>
    </datafield>
    <datafield tag="040" ind1=" " ind2=" ">
      <subfield code="c">SIUNPA</subfield>
    </datafield>
    <datafield tag="041" ind1=" " ind2=" ">
      <subfield code="a">eng</subfield>
    </datafield>
    <datafield tag="044" ind1=" " ind2=" ">
      <subfield code="a">FI</subfield>
    </datafield>
    <datafield tag="082" ind1=" " ind2=" ">
      <subfield code="a">711.4 S479g</subfield>
    </datafield>
    <datafield tag="100" ind1=" " ind2=" ">
      <subfield code="a">Seppänen, Maaria.</subfield>
    </datafield>
    <datafield tag="245" ind1=" " ind2=" ">
      <subfield code="a">Global scale, local place?</subfield>
      <subfield code="b"> : the making of the historic centre of Lima into a world heritage site</subfield>
    </datafield>
    <datafield tag="260" ind1=" " ind2=" ">
      <subfield code="a">Helsinki</subfield>
      <subfield code="b"> : Institute of Development Studies, University of Helsinki</subfield>
      <subfield code="c"> , 1999</subfield>
    </datafield>
    <datafield tag="440" ind1=" " ind2=" ">
      <subfield code="a">Ariel sociedad económica</subfield>
      <subfield code="a">Collection travaux et mémoires de l'Institut des Hautes Etudes de l'Amérique Latine</subfield>
      <subfield code="a">Colección novecento</subfield>
      <subfield code="a">Colección ciencias económicas. Temas de Economía</subfield>
      <subfield code="a">Interkont books</subfield>
      <subfield code="v">10</subfield>
    </datafield>
    <datafield tag="490" ind1=" " ind2=" ">
      <subfield code="a">Ariel sociedad económica</subfield>
      <subfield code="a">Collection travaux et mémoires de l'Institut des Hautes Etudes de l'Amérique Latine</subfield>
      <subfield code="a">Colección novecento</subfield>
      <subfield code="a">Colección ciencias económicas. Temas de Economía</subfield>
      <subfield code="a">Interkont books</subfield>
      <subfield code="v">10</subfield>
    </datafield>
    <datafield tag="942" ind1=" " ind2=" ">
      <subfield code="c">BK</subfield>
    </datafield>
    <datafield tag="952" ind1=" " ind2=" ">
      <subfield code="a">BIB_UARG</subfield>
      <subfield code="b">BIB_UARG</subfield>
      <subfield code="d">2014-08-12</subfield>
      <subfield code="y">BK</subfield>
      <subfield code="p">05-46358</subfield>
    </datafield>
  </record>