
  <record>
    <leader>01000aam  22002601a 4500</leader>
    <controlfield tag="001">YPZ98757</controlfield>
    <controlfield tag="003">YPZ</controlfield>
    <controlfield tag="005">201408191303170</controlfield>
    <controlfield tag="008">140819|###########||||||b||||||||||spa|d</controlfield>
    <datafield tag="040" ind1=" " ind2=" ">
      <subfield code="c">SIUNPA</subfield>
    </datafield>
    <datafield tag="041" ind1=" " ind2=" ">
      <subfield code="a">spa</subfield>
    </datafield>
    <datafield tag="044" ind1=" " ind2=" ">
      <subfield code="a">ES</subfield>
    </datafield>
    <datafield tag="082" ind1=" " ind2=" ">
      <subfield code="a">316.334.23 D131c</subfield>
    </datafield>
    <datafield tag="100" ind1=" " ind2=" ">
      <subfield code="a">Dahrendorf, Ralf.</subfield>
    </datafield>
    <datafield tag="245" ind1=" " ind2=" ">
      <subfield code="a">Las clases sociales y su conflicto en la sociedad industrial</subfield>
      <subfield code="c"> / Troyano de los Ríos, Manuel, tr.</subfield>
    </datafield>
    <datafield tag="260" ind1=" " ind2=" ">
      <subfield code="a">Madrid</subfield>
      <subfield code="b"> : RIALP</subfield>
      <subfield code="c"> , 1962</subfield>
    </datafield>
    <datafield tag="440" ind1=" " ind2=" ">
      <subfield code="a">Serie de Economía / Fondo de Cultura Económica</subfield>
      <subfield code="a">Biblioteca de ciencias económicas. Serie Economía</subfield>
      <subfield code="a">Colección hombre y sociedad</subfield>
      <subfield code="v">4</subfield>
    </datafield>
    <datafield tag="490" ind1=" " ind2=" ">
      <subfield code="a">Serie de Economía / Fondo de Cultura Económica</subfield>
      <subfield code="a">Biblioteca de ciencias económicas. Serie Economía</subfield>
      <subfield code="a">Colección hombre y sociedad</subfield>
      <subfield code="v">4</subfield>
    </datafield>
    <datafield tag="942" ind1=" " ind2=" ">
      <subfield code="c">BK</subfield>
    </datafield>
    <datafield tag="952" ind1=" " ind2=" ">
      <subfield code="a">BIB_UARG</subfield>
      <subfield code="b">BIB_UARG</subfield>
      <subfield code="d">2014-08-19</subfield>
      <subfield code="y">BK</subfield>
      <subfield code="p">05-46394</subfield>
    </datafield>
  </record>