
  <record>
    <leader>01000aam  22002601a 4500</leader>
    <controlfield tag="001">YPZ98775</controlfield>
    <controlfield tag="003">YPZ</controlfield>
    <controlfield tag="005">201408201301250</controlfield>
    <controlfield tag="008">140820|###########||||||b||||||||||spa|d</controlfield>
    <datafield tag="020" ind1=" " ind2=" ">
      <subfield code="a">8420629898 (o.c.)</subfield>
    </datafield>
    <datafield tag="020" ind1=" " ind2=" ">
      <subfield code="a">8420621323 (t.1)</subfield>
    </datafield>
    <datafield tag="020" ind1=" " ind2=" ">
      <subfield code="a">8420621331 (t.2)</subfield>
    </datafield>
    <datafield tag="040" ind1=" " ind2=" ">
      <subfield code="c">SIUNPA</subfield>
    </datafield>
    <datafield tag="041" ind1=" " ind2=" ">
      <subfield code="a">spa</subfield>
    </datafield>
    <datafield tag="044" ind1=" " ind2=" ">
      <subfield code="a">ES</subfield>
    </datafield>
    <datafield tag="082" ind1=" " ind2=" ">
      <subfield code="a">330.1 I619in</subfield>
    </datafield>
    <datafield tag="100" ind1=" " ind2=" ">
      <subfield code="a">McCormick, B.J..</subfield>
    </datafield>
    <datafield tag="700" ind1=" " ind2=" ">
      <subfield code="a">Kitchin, P.D..</subfield>
    </datafield>
    <datafield tag="700" ind1=" " ind2=" ">
      <subfield code="a">Marshall, G.P..</subfield>
    </datafield>
    <datafield tag="700" ind1=" " ind2=" ">
      <subfield code="a">Sampson, A.A..</subfield>
    </datafield>
    <datafield tag="700" ind1=" " ind2=" ">
      <subfield code="a">Sedgwick, R..</subfield>
    </datafield>
    <datafield tag="245" ind1=" " ind2=" ">
      <subfield code="a">Introducción a la economía</subfield>
      <subfield code="c"> / Paredes, Miguel, versión española</subfield>
    </datafield>
    <datafield tag="260" ind1=" " ind2=" ">
      <subfield code="a">Madrid</subfield>
      <subfield code="b"> : Alianza</subfield>
      <subfield code="c"> , 1975</subfield>
    </datafield>
    <datafield tag="440" ind1=" " ind2=" ">
      <subfield code="a">Selección de artículos de Le Monde diplomatique</subfield>
      <subfield code="a">Biblioteca de ciencias económicas. Serie Economía</subfield>
      <subfield code="a">Colección teoría e investigación en las ciencias del hombre</subfield>
      <subfield code="a">Sección de obras de economía</subfield>
      <subfield code="a">Biblioteca de ciencias sociales. Sección primera, Economía</subfield>
      <subfield code="a">Alianza universidad. Curso de Economía moderna</subfield>
      <subfield code="v">132-133</subfield>
    </datafield>
    <datafield tag="490" ind1=" " ind2=" ">
      <subfield code="a">Selección de artículos de Le Monde diplomatique</subfield>
      <subfield code="a">Biblioteca de ciencias económicas. Serie Economía</subfield>
      <subfield code="a">Colección teoría e investigación en las ciencias del hombre</subfield>
      <subfield code="a">Sección de obras de economía</subfield>
      <subfield code="a">Biblioteca de ciencias sociales. Sección primera, Economía</subfield>
      <subfield code="a">Alianza universidad. Curso de Economía moderna</subfield>
      <subfield code="v">132-133</subfield>
    </datafield>
    <datafield tag="942" ind1=" " ind2=" ">
      <subfield code="c">BK</subfield>
    </datafield>
    <datafield tag="952" ind1=" " ind2=" ">
      <subfield code="a">BIB_UARG</subfield>
      <subfield code="b">BIB_UARG</subfield>
      <subfield code="d">2014-08-19</subfield>
      <subfield code="y">BK</subfield>
      <subfield code="p">05-46407</subfield>
    </datafield>
    <datafield tag="952" ind1=" " ind2=" ">
      <subfield code="a">BIB_UARG</subfield>
      <subfield code="b">BIB_UARG</subfield>
      <subfield code="d">2014-08-19</subfield>
      <subfield code="y">BK</subfield>
      <subfield code="p">05-46408</subfield>
    </datafield>
  </record>