
  <record>
    <leader>01000aam  22002601a 4500</leader>
    <controlfield tag="001">YPZ98786</controlfield>
    <controlfield tag="003">YPZ</controlfield>
    <controlfield tag="005">201408221431010</controlfield>
    <controlfield tag="008">140822|###########||||||b||||||||||spa|d</controlfield>
    <datafield tag="020" ind1=" " ind2=" ">
      <subfield code="a">8470022148</subfield>
    </datafield>
    <datafield tag="040" ind1=" " ind2=" ">
      <subfield code="c">SIUNPA</subfield>
    </datafield>
    <datafield tag="041" ind1=" " ind2=" ">
      <subfield code="a">spa</subfield>
    </datafield>
    <datafield tag="044" ind1=" " ind2=" ">
      <subfield code="a">AR</subfield>
    </datafield>
    <datafield tag="082" ind1=" " ind2=" ">
      <subfield code="a">821.134.2 L431l</subfield>
    </datafield>
    <datafield tag="240" ind1=" " ind2=" ">
      <subfield code="a">[Lazarillo de Tormes]</subfield>
    </datafield>
    <datafield tag="245" ind1=" " ind2=" ">
      <subfield code="a">Lazarillo de Tormes</subfield>
      <subfield code="c"> / Mundet, José María, pról. y notas</subfield>
    </datafield>
    <datafield tag="260" ind1=" " ind2=" ">
      <subfield code="a">Barcelona</subfield>
      <subfield code="b"> : Acervo</subfield>
      <subfield code="c"> , 1977</subfield>
    </datafield>
    <datafield tag="440" ind1=" " ind2=" ">
      <subfield code="a">Colección gaudeamus. Serie Oro</subfield>
      <subfield code="v">1</subfield>
    </datafield>
    <datafield tag="490" ind1=" " ind2=" ">
      <subfield code="a">Colección gaudeamus. Serie Oro</subfield>
      <subfield code="v">1</subfield>
    </datafield>
    <datafield tag="505" ind1="0" ind2="0">
      <subfield code="g">p. 79-154</subfield>
      <subfield code="g">- LITERATURA ARGENTINA|- NOVELA</subfield>
      <subfield code="r">Luna, Juan de</subfield>
      <subfield code="t">Segunda parte</subfield>
    </datafield>
    <datafield tag="773" ind1="0" ind2="#">
      <subfield code="a">Luna, Juan de</subfield>
      <subfield code="g">- LITERATURA ARGENTINA|- NOVELA</subfield>
      <subfield code="h">p. 79-154</subfield>
      <subfield code="t">Segunda parte</subfield>
    </datafield>
    <datafield tag="942" ind1=" " ind2=" ">
      <subfield code="c">BK</subfield>
    </datafield>
    <datafield tag="952" ind1=" " ind2=" ">
      <subfield code="a">BIB_UARG</subfield>
      <subfield code="b">BIB_UARG</subfield>
      <subfield code="d">2014-08-20</subfield>
      <subfield code="y">BK</subfield>
      <subfield code="p">05-46431</subfield>
    </datafield>
  </record>