
  <record>
    <leader>01000aam  22002601a 4500</leader>
    <controlfield tag="001">YPZ98805</controlfield>
    <controlfield tag="003">YPZ</controlfield>
    <controlfield tag="005">201408270943160</controlfield>
    <controlfield tag="008">140827|###########||||||b||||||||||spa|d</controlfield>
    <datafield tag="020" ind1=" " ind2=" ">
      <subfield code="a">9507531661</subfield>
    </datafield>
    <datafield tag="040" ind1=" " ind2=" ">
      <subfield code="c">SIUNPA</subfield>
    </datafield>
    <datafield tag="041" ind1=" " ind2=" ">
      <subfield code="a">spa</subfield>
    </datafield>
    <datafield tag="044" ind1=" " ind2=" ">
      <subfield code="a">AR</subfield>
    </datafield>
    <datafield tag="082" ind1=" " ind2=" ">
      <subfield code="a">821.134.2(82) S246f</subfield>
    </datafield>
    <datafield tag="100" ind1=" " ind2=" ">
      <subfield code="a">Sarmiento, Domingo Faustino.</subfield>
    </datafield>
    <datafield tag="245" ind1=" " ind2=" ">
      <subfield code="a">Facundo</subfield>
      <subfield code="c"> / Piña, Cristina, tr. de citas y epígrafe</subfield>
    </datafield>
    <datafield tag="260" ind1=" " ind2=" ">
      <subfield code="a">Buenos Aires</subfield>
      <subfield code="b"> : Cántaro</subfield>
      <subfield code="c"> , 2005</subfield>
    </datafield>
    <datafield tag="440" ind1=" " ind2=" ">
      <subfield code="a">Serie etnográfica</subfield>
      <subfield code="a">Colección Ciencias Sociales del trabajo</subfield>
      <subfield code="a">Temas sociales</subfield>
      <subfield code="a">Colección del mirador</subfield>
      <subfield code="v">186</subfield>
    </datafield>
    <datafield tag="490" ind1=" " ind2=" ">
      <subfield code="a">Serie etnográfica</subfield>
      <subfield code="a">Colección Ciencias Sociales del trabajo</subfield>
      <subfield code="a">Temas sociales</subfield>
      <subfield code="a">Colección del mirador</subfield>
      <subfield code="v">186</subfield>
    </datafield>
    <datafield tag="500" ind1=" " ind2=" ">
      <subfield code="a">En cub.: Civilización y barbarie -- Vida de Juan Facundo Quiroga y aspecto físico, costumbres y hábitos de la República Argentina</subfield>
    </datafield>
    <datafield tag="942" ind1=" " ind2=" ">
      <subfield code="c">BK</subfield>
    </datafield>
    <datafield tag="952" ind1=" " ind2=" ">
      <subfield code="a">BIB_UARG</subfield>
      <subfield code="b">BIB_UARG</subfield>
      <subfield code="d">2014-08-27</subfield>
      <subfield code="y">BK</subfield>
      <subfield code="p">05-46413</subfield>
    </datafield>
  </record>