
  <record>
    <leader>01000aam  22002601a 4500</leader>
    <controlfield tag="001">YPZ98855</controlfield>
    <controlfield tag="003">YPZ</controlfield>
    <controlfield tag="005">201409051427360</controlfield>
    <controlfield tag="008">140905|###########||||||b||||||||||spa|d</controlfield>
    <datafield tag="020" ind1=" " ind2=" ">
      <subfield code="a">9502515048</subfield>
    </datafield>
    <datafield tag="040" ind1=" " ind2=" ">
      <subfield code="c">SIUNPA</subfield>
    </datafield>
    <datafield tag="041" ind1=" " ind2=" ">
      <subfield code="a">spa</subfield>
    </datafield>
    <datafield tag="044" ind1=" " ind2=" ">
      <subfield code="a">AR</subfield>
    </datafield>
    <datafield tag="082" ind1=" " ind2=" ">
      <subfield code="a">331.105.44 D983s</subfield>
    </datafield>
    <datafield tag="100" ind1=" " ind2=" ">
      <subfield code="a">Duval, Natalia.</subfield>
    </datafield>
    <datafield tag="245" ind1=" " ind2=" ">
      <subfield code="a">Los sindicatos clasistas</subfield>
      <subfield code="b"> : SiTrac (1970-1971)</subfield>
    </datafield>
    <datafield tag="260" ind1=" " ind2=" ">
      <subfield code="a">Buenos Aires</subfield>
      <subfield code="b"> : Centro Editor de América Latina</subfield>
      <subfield code="c"> , 1988</subfield>
    </datafield>
    <datafield tag="440" ind1=" " ind2=" ">
      <subfield code="a">Biblioteca cultural. Colección textos del secundario</subfield>
      <subfield code="a">Biblioteca cultural. Colección textos del secundario</subfield>
      <subfield code="a">Biblioteca política Argentina</subfield>
      <subfield code="v">235</subfield>
    </datafield>
    <datafield tag="490" ind1=" " ind2=" ">
      <subfield code="a">Biblioteca cultural. Colección textos del secundario</subfield>
      <subfield code="a">Biblioteca cultural. Colección textos del secundario</subfield>
      <subfield code="a">Biblioteca política Argentina</subfield>
      <subfield code="v">235</subfield>
    </datafield>
    <datafield tag="942" ind1=" " ind2=" ">
      <subfield code="c">BK</subfield>
    </datafield>
    <datafield tag="952" ind1=" " ind2=" ">
      <subfield code="a">BIB_UARG</subfield>
      <subfield code="b">BIB_UARG</subfield>
      <subfield code="d">2014-08-22</subfield>
      <subfield code="y">BK</subfield>
      <subfield code="p">05-07794</subfield>
    </datafield>
  </record>