
  <record>
    <leader>01000aam  22002601a 4500</leader>
    <controlfield tag="001">YPZ98869</controlfield>
    <controlfield tag="003">YPZ</controlfield>
    <controlfield tag="005">201409081158420</controlfield>
    <controlfield tag="008">140908|###########||||||b||||||||||spa|d</controlfield>
    <datafield tag="040" ind1=" " ind2=" ">
      <subfield code="c">SIUNPA</subfield>
    </datafield>
    <datafield tag="041" ind1=" " ind2=" ">
      <subfield code="a">spa</subfield>
    </datafield>
    <datafield tag="044" ind1=" " ind2=" ">
      <subfield code="a">AR</subfield>
    </datafield>
    <datafield tag="082" ind1=" " ind2=" ">
      <subfield code="a">821.134.2(100)(091)</subfield>
    </datafield>
    <datafield tag="245" ind1=" " ind2=" ">
      <subfield code="a">La literatura del siglo XIX</subfield>
      <subfield code="b"> : romanticismo y realismo</subfield>
      <subfield code="c"> / Rest, Jaime, supervisión técnica</subfield>
    </datafield>
    <datafield tag="260" ind1=" " ind2=" ">
      <subfield code="a">Buenos Aires</subfield>
      <subfield code="b"> : Centro Editor de América Latina</subfield>
      <subfield code="c"> , 1969</subfield>
    </datafield>
    <datafield tag="440" ind1=" " ind2=" ">
      <subfield code="a">Sección obras de Economía</subfield>
      <subfield code="a">Sección de obras de economía</subfield>
      <subfield code="a">Historia de la literatura mundial</subfield>
      <subfield code="a">Sección obras de Economía</subfield>
      <subfield code="a">Historia de la literatura mundial</subfield>
      <subfield code="a">Ariel Economía</subfield>
      <subfield code="a">Historia de la literatura mundial</subfield>
      <subfield code="a">Historia de la literatura mundial</subfield>
      <subfield code="a">Historia de la literatura mundial</subfield>
      <subfield code="v">Historia de la literatura mundial</subfield>
    </datafield>
    <datafield tag="490" ind1=" " ind2=" ">
      <subfield code="a">Sección obras de Economía</subfield>
      <subfield code="a">Sección de obras de economía</subfield>
      <subfield code="a">Historia de la literatura mundial</subfield>
      <subfield code="a">Sección obras de Economía</subfield>
      <subfield code="a">Historia de la literatura mundial</subfield>
      <subfield code="a">Ariel Economía</subfield>
      <subfield code="a">Historia de la literatura mundial</subfield>
      <subfield code="a">Historia de la literatura mundial</subfield>
      <subfield code="a">Historia de la literatura mundial</subfield>
      <subfield code="v">Historia de la literatura mundial</subfield>
    </datafield>
    <datafield tag="942" ind1=" " ind2=" ">
      <subfield code="c">BK</subfield>
    </datafield>
    <datafield tag="952" ind1=" " ind2=" ">
      <subfield code="a">BIB_UARG</subfield>
      <subfield code="b">BIB_UARG</subfield>
      <subfield code="d">2014-08-28</subfield>
      <subfield code="y">BK</subfield>
      <subfield code="p">05-46470</subfield>
    </datafield>
  </record>