
  <record>
    <leader>01000aam  22002601a 4500</leader>
    <controlfield tag="001">YPZ98906</controlfield>
    <controlfield tag="003">YPZ</controlfield>
    <controlfield tag="005">201409171422030</controlfield>
    <controlfield tag="008">140917|###########||||||b||||||||||spa|d</controlfield>
    <datafield tag="040" ind1=" " ind2=" ">
      <subfield code="c">SIUNPA</subfield>
    </datafield>
    <datafield tag="041" ind1=" " ind2=" ">
      <subfield code="a">spa</subfield>
    </datafield>
    <datafield tag="044" ind1=" " ind2=" ">
      <subfield code="a">AR</subfield>
    </datafield>
    <datafield tag="082" ind1=" " ind2=" ">
      <subfield code="a">338.45 N383c</subfield>
    </datafield>
    <datafield tag="100" ind1=" " ind2=" ">
      <subfield code="a">Nef, John.</subfield>
    </datafield>
    <datafield tag="245" ind1=" " ind2=" ">
      <subfield code="a">La conquista del mundo materia</subfield>
      <subfield code="b"> : estudios sobre el surgimiento del industrialismo</subfield>
      <subfield code="c"> / Etcheverry, José Luis, versión castellana</subfield>
    </datafield>
    <datafield tag="260" ind1=" " ind2=" ">
      <subfield code="a">Buenos Aires</subfield>
      <subfield code="b"> : Paidós</subfield>
      <subfield code="c"> , 1969</subfield>
    </datafield>
    <datafield tag="440" ind1=" " ind2=" ">
      <subfield code="a">El mundo del siglo XXI</subfield>
      <subfield code="a">Biblioteca de ciencias económicas. Serie Economía</subfield>
      <subfield code="a">Sección de obras de economía</subfield>
      <subfield code="a">Historia / Siglo XXI</subfield>
      <subfield code="a">Espejo de la Argentina</subfield>
      <subfield code="a">Biblioteca de Historia. Serie mayor</subfield>
      <subfield code="v">3</subfield>
    </datafield>
    <datafield tag="490" ind1=" " ind2=" ">
      <subfield code="a">El mundo del siglo XXI</subfield>
      <subfield code="a">Biblioteca de ciencias económicas. Serie Economía</subfield>
      <subfield code="a">Sección de obras de economía</subfield>
      <subfield code="a">Historia / Siglo XXI</subfield>
      <subfield code="a">Espejo de la Argentina</subfield>
      <subfield code="a">Biblioteca de Historia. Serie mayor</subfield>
      <subfield code="v">3</subfield>
    </datafield>
    <datafield tag="942" ind1=" " ind2=" ">
      <subfield code="c">BK</subfield>
    </datafield>
    <datafield tag="952" ind1=" " ind2=" ">
      <subfield code="a">BIB_UARG</subfield>
      <subfield code="b">BIB_UARG</subfield>
      <subfield code="d">2014-09-08</subfield>
      <subfield code="y">BK</subfield>
      <subfield code="p">05-46518</subfield>
    </datafield>
  </record>