
  <record>
    <leader>01000aam  22002601a 4500</leader>
    <controlfield tag="001">YPZ98963</controlfield>
    <controlfield tag="003">YPZ</controlfield>
    <controlfield tag="005">201409291146110</controlfield>
    <controlfield tag="008">140929|###########||||||b||||||||||spa|d</controlfield>
    <datafield tag="040" ind1=" " ind2=" ">
      <subfield code="c">SIUNPA</subfield>
    </datafield>
    <datafield tag="041" ind1=" " ind2=" ">
      <subfield code="a">spa</subfield>
    </datafield>
    <datafield tag="044" ind1=" " ind2=" ">
      <subfield code="a">AR</subfield>
    </datafield>
    <datafield tag="082" ind1=" " ind2=" ">
      <subfield code="a">572.02 G892g</subfield>
    </datafield>
    <datafield tag="245" ind1=" " ind2=" ">
      <subfield code="a">Los grupos aborígenes en la custodia provincial de Misioneros Franciscanos de Salta</subfield>
      <subfield code="b"> : síntesis etnográfica del Chaco centro-occidental</subfield>
    </datafield>
    <datafield tag="260" ind1=" " ind2=" ">
      <subfield code="a">Salta</subfield>
      <subfield code="b"> : Instituto de Lingüística, Facultad de Filosofía y Letras, UBA</subfield>
      <subfield code="c"> , 1977</subfield>
    </datafield>
    <datafield tag="440" ind1=" " ind2=" ">
      <subfield code="a">Cuadernos franciscanos. Itinerario</subfield>
      <subfield code="v">no. 41</subfield>
    </datafield>
    <datafield tag="490" ind1=" " ind2=" ">
      <subfield code="a">Cuadernos franciscanos. Itinerario</subfield>
      <subfield code="v">no. 41</subfield>
    </datafield>
    <datafield tag="942" ind1=" " ind2=" ">
      <subfield code="c">BK</subfield>
    </datafield>
    <datafield tag="952" ind1=" " ind2=" ">
      <subfield code="a">BIB_UARG</subfield>
      <subfield code="b">BIB_UARG</subfield>
      <subfield code="d">2014-09-29</subfield>
      <subfield code="y">BK</subfield>
      <subfield code="p">05-46586</subfield>
    </datafield>
  </record>