
  <record>
    <leader>01000aam  22002601a 4500</leader>
    <controlfield tag="001">YPZ99009</controlfield>
    <controlfield tag="003">YPZ</controlfield>
    <controlfield tag="005">201410011146310</controlfield>
    <controlfield tag="008">141001|###########||||||b||||||||||spa|d</controlfield>
    <datafield tag="040" ind1=" " ind2=" ">
      <subfield code="c">SIUNPA</subfield>
    </datafield>
    <datafield tag="041" ind1=" " ind2=" ">
      <subfield code="a">spa</subfield>
    </datafield>
    <datafield tag="044" ind1=" " ind2=" ">
      <subfield code="a">AR</subfield>
    </datafield>
    <datafield tag="082" ind1=" " ind2=" ">
      <subfield code="a">821.133.1 M623e</subfield>
    </datafield>
    <datafield tag="100" ind1=" " ind2=" ">
      <subfield code="a">Montaigne, Michel de.</subfield>
    </datafield>
    <datafield tag="245" ind1=" " ind2=" ">
      <subfield code="a">Ensayos</subfield>
      <subfield code="c"> / Martínez Estrada, Ezequiel, selección, tr., estudio prelim. y notas</subfield>
    </datafield>
    <datafield tag="250" ind1=" " ind2=" ">
      <subfield code="a">1a ed.</subfield>
    </datafield>
    <datafield tag="260" ind1=" " ind2=" ">
      <subfield code="a">Buenos Aires</subfield>
      <subfield code="b"> : Jackson</subfield>
      <subfield code="c"> , 1948</subfield>
    </datafield>
    <datafield tag="440" ind1=" " ind2=" ">
      <subfield code="a">Biblioteca cultural. Colección textos del secundario</subfield>
      <subfield code="a">Biblioteca cultural. Colección textos del secundario</subfield>
      <subfield code="a">Biblioteca cultural. Colección textos del secundario</subfield>
      <subfield code="a">La escuela en el tiempo. Textos del secundario/Matemática</subfield>
      <subfield code="a">Clásicos Jackson. Primera serie</subfield>
      <subfield code="v">v. 13</subfield>
    </datafield>
    <datafield tag="490" ind1=" " ind2=" ">
      <subfield code="a">Biblioteca cultural. Colección textos del secundario</subfield>
      <subfield code="a">Biblioteca cultural. Colección textos del secundario</subfield>
      <subfield code="a">Biblioteca cultural. Colección textos del secundario</subfield>
      <subfield code="a">La escuela en el tiempo. Textos del secundario/Matemática</subfield>
      <subfield code="a">Clásicos Jackson. Primera serie</subfield>
      <subfield code="v">v. 13</subfield>
    </datafield>
    <datafield tag="942" ind1=" " ind2=" ">
      <subfield code="c">BK</subfield>
    </datafield>
    <datafield tag="952" ind1=" " ind2=" ">
      <subfield code="a">BIB_UARG</subfield>
      <subfield code="b">BIB_UARG</subfield>
      <subfield code="d">2014-10-01</subfield>
      <subfield code="y">BK</subfield>
      <subfield code="p">05-00764</subfield>
    </datafield>
  </record>