
  <record>
    <leader>01000aam  22002601a 4500</leader>
    <controlfield tag="001">YPZ99015</controlfield>
    <controlfield tag="003">YPZ</controlfield>
    <controlfield tag="005">201410011620200</controlfield>
    <controlfield tag="008">141001|###########||||||b||||||||||spa|d</controlfield>
    <datafield tag="040" ind1=" " ind2=" ">
      <subfield code="c">SIUNPA</subfield>
    </datafield>
    <datafield tag="041" ind1=" " ind2=" ">
      <subfield code="a">spa</subfield>
    </datafield>
    <datafield tag="044" ind1=" " ind2=" ">
      <subfield code="a">AR</subfield>
    </datafield>
    <datafield tag="082" ind1=" " ind2=" ">
      <subfield code="a">821.134.2(82) C762c</subfield>
    </datafield>
    <datafield tag="100" ind1=" " ind2=" ">
      <subfield code="a">Conti, Haroldo.</subfield>
    </datafield>
    <datafield tag="245" ind1=" " ind2=" ">
      <subfield code="a">Con otra gente</subfield>
    </datafield>
    <datafield tag="260" ind1=" " ind2=" ">
      <subfield code="a">Buenos Aires</subfield>
      <subfield code="b"> : Centro Editor de América Latina</subfield>
      <subfield code="c"> , 1971</subfield>
    </datafield>
    <datafield tag="440" ind1=" " ind2=" ">
      <subfield code="a">Biblioteca básica universal</subfield>
      <subfield code="a">Enciclopedia del pensamiento esencial</subfield>
      <subfield code="a">Enciclopedia del pensamiento esencial</subfield>
      <subfield code="a">Serie del encuentro</subfield>
      <subfield code="a">Grandes obras de la literatura universal</subfield>
      <subfield code="a">Capítulo. Serie narradores de hoy</subfield>
      <subfield code="v">12</subfield>
    </datafield>
    <datafield tag="490" ind1=" " ind2=" ">
      <subfield code="a">Biblioteca básica universal</subfield>
      <subfield code="a">Enciclopedia del pensamiento esencial</subfield>
      <subfield code="a">Enciclopedia del pensamiento esencial</subfield>
      <subfield code="a">Serie del encuentro</subfield>
      <subfield code="a">Grandes obras de la literatura universal</subfield>
      <subfield code="a">Capítulo. Serie narradores de hoy</subfield>
      <subfield code="v">12</subfield>
    </datafield>
    <datafield tag="942" ind1=" " ind2=" ">
      <subfield code="c">BK</subfield>
    </datafield>
    <datafield tag="952" ind1=" " ind2=" ">
      <subfield code="a">BIB_UARG</subfield>
      <subfield code="b">BIB_UARG</subfield>
      <subfield code="d">2014-10-30</subfield>
      <subfield code="y">BK</subfield>
      <subfield code="p">05-46653</subfield>
    </datafield>
  </record>