
  <record>
    <leader>01000aam  22002601a 4500</leader>
    <controlfield tag="001">YPZ99026</controlfield>
    <controlfield tag="003">YPZ</controlfield>
    <controlfield tag="005">201410020911140</controlfield>
    <controlfield tag="008">141002|###########||||||b||||||||||spa|d</controlfield>
    <datafield tag="040" ind1=" " ind2=" ">
      <subfield code="c">SIUNPA</subfield>
    </datafield>
    <datafield tag="041" ind1=" " ind2=" ">
      <subfield code="a">spa</subfield>
    </datafield>
    <datafield tag="044" ind1=" " ind2=" ">
      <subfield code="a">AR</subfield>
    </datafield>
    <datafield tag="082" ind1=" " ind2=" ">
      <subfield code="a">821.134.2(82) C198f</subfield>
    </datafield>
    <datafield tag="100" ind1=" " ind2=" ">
      <subfield code="a">Campo, Estanislao del.</subfield>
    </datafield>
    <datafield tag="245" ind1=" " ind2=" ">
      <subfield code="a">Fausto</subfield>
      <subfield code="c"> / Nuñez, Benicio, il.</subfield>
    </datafield>
    <datafield tag="260" ind1=" " ind2=" ">
      <subfield code="a">Buenos Aires</subfield>
      <subfield code="b"> : Centro Editor de América Latina</subfield>
      <subfield code="c"> , 1966</subfield>
    </datafield>
    <datafield tag="440" ind1=" " ind2=" ">
      <subfield code="a">Biblioteca de Literatura y Ciencias Sociales</subfield>
      <subfield code="a">Biblioteca básica universal</subfield>
      <subfield code="a">Biblioteca básica universal</subfield>
      <subfield code="a">Libros de la luciernaga</subfield>
      <subfield code="v">4</subfield>
    </datafield>
    <datafield tag="490" ind1=" " ind2=" ">
      <subfield code="a">Biblioteca de Literatura y Ciencias Sociales</subfield>
      <subfield code="a">Biblioteca básica universal</subfield>
      <subfield code="a">Biblioteca básica universal</subfield>
      <subfield code="a">Libros de la luciernaga</subfield>
      <subfield code="v">4</subfield>
    </datafield>
    <datafield tag="942" ind1=" " ind2=" ">
      <subfield code="c">BK</subfield>
    </datafield>
    <datafield tag="952" ind1=" " ind2=" ">
      <subfield code="a">BIB_UARG</subfield>
      <subfield code="b">BIB_UARG</subfield>
      <subfield code="d">2014-10-02</subfield>
      <subfield code="y">BK</subfield>
      <subfield code="p">05-46643</subfield>
    </datafield>
  </record>