
  <record>
    <leader>01000aam  22002601a 4500</leader>
    <controlfield tag="001">YPZ99060</controlfield>
    <controlfield tag="003">YPZ</controlfield>
    <controlfield tag="005">201410060947510</controlfield>
    <controlfield tag="008">141006|###########||||||b||||||||||spa|d</controlfield>
    <datafield tag="020" ind1=" " ind2=" ">
      <subfield code="a">9788415552024</subfield>
    </datafield>
    <datafield tag="040" ind1=" " ind2=" ">
      <subfield code="c">SIUNPA</subfield>
    </datafield>
    <datafield tag="041" ind1=" " ind2=" ">
      <subfield code="a">spa</subfield>
    </datafield>
    <datafield tag="044" ind1=" " ind2=" ">
      <subfield code="a">ES</subfield>
    </datafield>
    <datafield tag="082" ind1=" " ind2=" ">
      <subfield code="a">551.4 C886re4</subfield>
    </datafield>
    <datafield tag="100" ind1=" " ind2=" ">
      <subfield code="a">Craig, James R..</subfield>
    </datafield>
    <datafield tag="700" ind1=" " ind2=" ">
      <subfield code="a">Vaughan, David J..</subfield>
    </datafield>
    <datafield tag="700" ind1=" " ind2=" ">
      <subfield code="a">Skinner, Brian J..</subfield>
    </datafield>
    <datafield tag="245" ind1=" " ind2=" ">
      <subfield code="a">Recursos de la tierra y el medio ambiente</subfield>
      <subfield code="b"> : cuarta edición</subfield>
      <subfield code="c"> / Calvo Pérez, Benjamín, coord., rev., adaptación y tr. ; García del Amo, Dolores, tr. ; García García, Eugenia, tr. ; Gavrilenko, Egor, tr. ; Mosset, Pablo, tr. ; Puente, Beatriz, tr. ; Regueiro, Manuel, tr. ; Barros, Gónzalez, tr. ; Rodríguez García, Manuel, tr.</subfield>
    </datafield>
    <datafield tag="250" ind1=" " ind2=" ">
      <subfield code="a">4a ed.</subfield>
    </datafield>
    <datafield tag="260" ind1=" " ind2=" ">
      <subfield code="a">Madrid</subfield>
      <subfield code="b"> : Pearson Educación</subfield>
      <subfield code="c"> , 2012</subfield>
    </datafield>
    <datafield tag="942" ind1=" " ind2=" ">
      <subfield code="c">BK</subfield>
    </datafield>
    <datafield tag="952" ind1=" " ind2=" ">
      <subfield code="a">BIB_UACO</subfield>
      <subfield code="b">BIB_UACO</subfield>
      <subfield code="d">2017-03-09</subfield>
      <subfield code="y">BK</subfield>
      <subfield code="p">02-48538</subfield>
    </datafield>
    <datafield tag="952" ind1=" " ind2=" ">
      <subfield code="a">BIB_UACO</subfield>
      <subfield code="b">BIB_UACO</subfield>
      <subfield code="d">2017-04-18</subfield>
      <subfield code="y">BK</subfield>
      <subfield code="p">02-48645</subfield>
    </datafield>
    <datafield tag="952" ind1=" " ind2=" ">
      <subfield code="a">BIB_UACO</subfield>
      <subfield code="b">BIB_UACO</subfield>
      <subfield code="d">2017-07-12</subfield>
      <subfield code="y">BK</subfield>
      <subfield code="p">02-48646</subfield>
    </datafield>
    <datafield tag="952" ind1=" " ind2=" ">
      <subfield code="a">BIB_UACO</subfield>
      <subfield code="b">BIB_UACO</subfield>
      <subfield code="d">2017-04-18</subfield>
      <subfield code="y">BK</subfield>
      <subfield code="p">02-48647</subfield>
    </datafield>
    <datafield tag="952" ind1=" " ind2=" ">
      <subfield code="a">BIB_UACO</subfield>
      <subfield code="b">BIB_UACO</subfield>
      <subfield code="d">2017-04-18</subfield>
      <subfield code="y">BK</subfield>
      <subfield code="p">02-48648</subfield>
    </datafield>
    <datafield tag="952" ind1=" " ind2=" ">
      <subfield code="a">BIB_UARG</subfield>
      <subfield code="b">BIB_UARG</subfield>
      <subfield code="d">2014-10-06</subfield>
      <subfield code="y">BK</subfield>
      <subfield code="p">05-46705</subfield>
    </datafield>
  </record>