
  <record>
    <leader>01000aam  22002601a 4500</leader>
    <controlfield tag="001">YPZ99077</controlfield>
    <controlfield tag="003">YPZ</controlfield>
    <controlfield tag="005">201410081402470</controlfield>
    <controlfield tag="008">141008|###########||||||b||||||||||spa|d</controlfield>
    <datafield tag="020" ind1=" " ind2=" ">
      <subfield code="a">9789875444874</subfield>
    </datafield>
    <datafield tag="040" ind1=" " ind2=" ">
      <subfield code="c">SIUNPA</subfield>
    </datafield>
    <datafield tag="041" ind1=" " ind2=" ">
      <subfield code="a">spa</subfield>
    </datafield>
    <datafield tag="044" ind1=" " ind2=" ">
      <subfield code="a">AR</subfield>
    </datafield>
    <datafield tag="082" ind1=" " ind2=" ">
      <subfield code="a">711.4 C758c</subfield>
    </datafield>
    <datafield tag="245" ind1=" " ind2=" ">
      <subfield code="a">La construcción diferencial del espacio según la condición socio económica de la población. Análisis y comparación de unidades barriales de Mar del Plata</subfield>
      <subfield code="c"> / Rosenthal, Cristina Amanda, dir. ; Barabino, Nélida Margarita, investigador ; Lombardi, María Claudia, investigador ; Prandín, Griselda Alicia, investigador ; Artieda, Joaquín Rodolfo, investigador ; Mascaretti, Silvia Beatriz, investigador</subfield>
    </datafield>
    <datafield tag="260" ind1=" " ind2=" ">
      <subfield code="a">Mar del Plata</subfield>
      <subfield code="b"> : Grupo de Investigación Calidad de Vida, Departamento de Geografía, Facultad de Humanidades, Universidad Nacional de Mar del Plata</subfield>
      <subfield code="c"> , 2013</subfield>
    </datafield>
    <datafield tag="942" ind1=" " ind2=" ">
      <subfield code="c">BK</subfield>
    </datafield>
    <datafield tag="952" ind1=" " ind2=" ">
      <subfield code="a">BIB_UARG</subfield>
      <subfield code="b">BIB_UARG</subfield>
      <subfield code="d">2014-10-03</subfield>
      <subfield code="y">BK</subfield>
      <subfield code="p">05-46690</subfield>
    </datafield>
  </record>