
  <record>
    <leader>01000aam  22002601a 4500</leader>
    <controlfield tag="001">YPZ99110</controlfield>
    <controlfield tag="003">YPZ</controlfield>
    <controlfield tag="005">201410150959320</controlfield>
    <controlfield tag="008">141015|###########||||||b||||||||||spa|d</controlfield>
    <datafield tag="020" ind1=" " ind2=" ">
      <subfield code="a">8420481203</subfield>
    </datafield>
    <datafield tag="040" ind1=" " ind2=" ">
      <subfield code="c">SIUNPA</subfield>
    </datafield>
    <datafield tag="041" ind1=" " ind2=" ">
      <subfield code="a">spa</subfield>
    </datafield>
    <datafield tag="044" ind1=" " ind2=" ">
      <subfield code="a">AR</subfield>
    </datafield>
    <datafield tag="082" ind1=" " ind2=" ">
      <subfield code="a">821.134.2(72) F954n</subfield>
    </datafield>
    <datafield tag="100" ind1=" " ind2=" ">
      <subfield code="a">Fuentes, Carlos.</subfield>
    </datafield>
    <datafield tag="245" ind1=" " ind2=" ">
      <subfield code="a">El naranjo</subfield>
    </datafield>
    <datafield tag="260" ind1=" " ind2=" ">
      <subfield code="a">Madrid</subfield>
      <subfield code="b"> : Alfaguara</subfield>
      <subfield code="c"> , 1993</subfield>
    </datafield>
    <datafield tag="440" ind1=" " ind2=" ">
      <subfield code="a">Grandes éxitos de la novela histórica</subfield>
      <subfield code="a">Colección clásicos inolvidables</subfield>
      <subfield code="a">Colección clásicos inolvidables</subfield>
      <subfield code="a">Grandes éxitos de la novela histórica</subfield>
      <subfield code="a">Colección cúpula</subfield>
      <subfield code="a">Alfaguara hispánica</subfield>
      <subfield code="v">104</subfield>
    </datafield>
    <datafield tag="490" ind1=" " ind2=" ">
      <subfield code="a">Grandes éxitos de la novela histórica</subfield>
      <subfield code="a">Colección clásicos inolvidables</subfield>
      <subfield code="a">Colección clásicos inolvidables</subfield>
      <subfield code="a">Grandes éxitos de la novela histórica</subfield>
      <subfield code="a">Colección cúpula</subfield>
      <subfield code="a">Alfaguara hispánica</subfield>
      <subfield code="v">104</subfield>
    </datafield>
    <datafield tag="942" ind1=" " ind2=" ">
      <subfield code="c">BK</subfield>
    </datafield>
    <datafield tag="952" ind1=" " ind2=" ">
      <subfield code="a">BIB_UARG</subfield>
      <subfield code="b">BIB_UARG</subfield>
      <subfield code="d">2014-10-09</subfield>
      <subfield code="y">BK</subfield>
      <subfield code="p">05-46744</subfield>
    </datafield>
  </record>