
  <record>
    <leader>01000aam  22002601a 4500</leader>
    <controlfield tag="001">YPZ99111</controlfield>
    <controlfield tag="003">YPZ</controlfield>
    <controlfield tag="005">201410151010450</controlfield>
    <controlfield tag="008">141015|###########||||||b||||||||||spa|d</controlfield>
    <datafield tag="040" ind1=" " ind2=" ">
      <subfield code="c">SIUNPA</subfield>
    </datafield>
    <datafield tag="041" ind1=" " ind2=" ">
      <subfield code="a">spa</subfield>
    </datafield>
    <datafield tag="044" ind1=" " ind2=" ">
      <subfield code="a">AR</subfield>
    </datafield>
    <datafield tag="082" ind1=" " ind2=" ">
      <subfield code="a">821.134.2(82) L521c</subfield>
    </datafield>
    <datafield tag="100" ind1=" " ind2=" ">
      <subfield code="a">Leguizamón, Martiniano.</subfield>
    </datafield>
    <datafield tag="245" ind1=" " ind2=" ">
      <subfield code="a">Calandria</subfield>
      <subfield code="b"> : costumbres campestres</subfield>
      <subfield code="c"> / Ghiano, Juan Carlos, estudio prelim.</subfield>
    </datafield>
    <datafield tag="260" ind1=" " ind2=" ">
      <subfield code="a">Buenos Aires</subfield>
      <subfield code="b"> : Ediciones Soler</subfield>
      <subfield code="c"> , 1961</subfield>
    </datafield>
    <datafield tag="505" ind1="0" ind2="0">
      <subfield code="g">p. 109-112</subfield>
      <subfield code="g">- LITERATURA ARGENTINA|- TEATRO ARGENTIN</subfield>
      <subfield code="r"/>
      <subfield code="t">Del tiempo viejo:boceto campestre</subfield>
    </datafield>
    <datafield tag="773" ind1="0" ind2="#">
      <subfield code="a"/>
      <subfield code="g">- LITERATURA ARGENTINA|- TEATRO ARGENTIN</subfield>
      <subfield code="h">p. 109-112</subfield>
      <subfield code="t">Del tiempo viejo:boceto campestre</subfield>
    </datafield>
    <datafield tag="942" ind1=" " ind2=" ">
      <subfield code="c">BK</subfield>
    </datafield>
    <datafield tag="952" ind1=" " ind2=" ">
      <subfield code="a">BIB_UARG</subfield>
      <subfield code="b">BIB_UARG</subfield>
      <subfield code="d">2014-10-15</subfield>
      <subfield code="y">BK</subfield>
      <subfield code="p">05-46738</subfield>
    </datafield>
  </record>