
  <record>
    <leader>01000aam  22002601a 4500</leader>
    <controlfield tag="001">YPZ99119</controlfield>
    <controlfield tag="003">YPZ</controlfield>
    <controlfield tag="005">201410160928190</controlfield>
    <controlfield tag="008">141016|###########||||||b||||||||||spa|d</controlfield>
    <datafield tag="040" ind1=" " ind2=" ">
      <subfield code="c">SIUNPA</subfield>
    </datafield>
    <datafield tag="041" ind1=" " ind2=" ">
      <subfield code="a">fre</subfield>
    </datafield>
    <datafield tag="044" ind1=" " ind2=" ">
      <subfield code="a">FR</subfield>
    </datafield>
    <datafield tag="082" ind1=" " ind2=" ">
      <subfield code="a">811.133.1(075) M449c</subfield>
    </datafield>
    <datafield tag="100" ind1=" " ind2=" ">
      <subfield code="a">Mauger, G..</subfield>
    </datafield>
    <datafield tag="245" ind1=" " ind2=" ">
      <subfield code="a">Cours de langue et de civilisation françaises</subfield>
      <subfield code="c"> / Lamaison, J., colab. ; Hameau, M.A., colab.</subfield>
    </datafield>
    <datafield tag="260" ind1=" " ind2=" ">
      <subfield code="a">Paris</subfield>
      <subfield code="b"> : Hachette</subfield>
      <subfield code="c"> , 1967</subfield>
    </datafield>
    <datafield tag="500" ind1=" " ind2=" ">
      <subfield code="a">En portada: Para todos los estudiantes del país -- Obra coronada por la Académie francaise</subfield>
    </datafield>
    <datafield tag="500" ind1=" " ind2=" ">
      <subfield code="a">En portada: 1ro y 2do grado -- 3ro y 4to grado</subfield>
    </datafield>
    <datafield tag="942" ind1=" " ind2=" ">
      <subfield code="c">BK</subfield>
    </datafield>
    <datafield tag="952" ind1=" " ind2=" ">
      <subfield code="a">BIB_UARG</subfield>
      <subfield code="b">BIB_UARG</subfield>
      <subfield code="d">2014-10-16</subfield>
      <subfield code="y">BK</subfield>
      <subfield code="p">05-46735</subfield>
    </datafield>
    <datafield tag="952" ind1=" " ind2=" ">
      <subfield code="a">BIB_UARG</subfield>
      <subfield code="b">BIB_UARG</subfield>
      <subfield code="d">2014-10-16</subfield>
      <subfield code="y">BK</subfield>
      <subfield code="p">05-46736</subfield>
    </datafield>
  </record>