
  <record>
    <leader>01000aam  22002601a 4500</leader>
    <controlfield tag="001">YPZ99136</controlfield>
    <controlfield tag="003">YPZ</controlfield>
    <controlfield tag="005">201410171024320</controlfield>
    <controlfield tag="008">141017|###########||||||b||||||||||spa|d</controlfield>
    <datafield tag="020" ind1=" " ind2=" ">
      <subfield code="a">9786071505408</subfield>
    </datafield>
    <datafield tag="020" ind1=" " ind2=" ">
      <subfield code="a">9780077344337 (CDROM)</subfield>
    </datafield>
    <datafield tag="040" ind1=" " ind2=" ">
      <subfield code="c">SIUNPA</subfield>
    </datafield>
    <datafield tag="041" ind1=" " ind2=" ">
      <subfield code="a">spa</subfield>
      <subfield code="a">eng</subfield>
    </datafield>
    <datafield tag="044" ind1=" " ind2=" ">
      <subfield code="a">MX</subfield>
    </datafield>
    <datafield tag="082" ind1=" " ind2=" ">
      <subfield code="a">536.24 E573t4</subfield>
    </datafield>
    <datafield tag="100" ind1=" " ind2=" ">
      <subfield code="a">Çengel, Yunus A..</subfield>
    </datafield>
    <datafield tag="700" ind1=" " ind2=" ">
      <subfield code="a">Ghajar, Afshin J..</subfield>
    </datafield>
    <datafield tag="245" ind1=" " ind2=" ">
      <subfield code="a">Transferencia de calor y masa</subfield>
      <subfield code="b"> : fundamentos y aplicaciones. Cuarta edición</subfield>
      <subfield code="c"> / Dávalos Gutiérrez, Rosario, rev. técnica ; Coble Castro, Juan José, rev. técnica  ; Faddeeva, Sknarina, rev. técnica ; Ochoa López, Alvaro, rev. técnica ; Hernán D'Borneville, Erika Jasso, tr.</subfield>
    </datafield>
    <datafield tag="250" ind1=" " ind2=" ">
      <subfield code="a">4a ed. en español</subfield>
    </datafield>
    <datafield tag="260" ind1=" " ind2=" ">
      <subfield code="a">México, D.F.</subfield>
      <subfield code="b"> : McGraw-Hill</subfield>
      <subfield code="c"> , 2011</subfield>
    </datafield>
    <datafield tag="300" ind1=" " ind2=" ">
      <subfield code="a">xxiv, 629 p. : </subfield>
      <subfield code="b">il. ; </subfield>
      <subfield code="a">152 p. : </subfield>
      <subfield code="a">287 p. : </subfield>
      <subfield code="a">79 p. : </subfield>
      <subfield code="b">il. ; </subfield>
      <subfield code="a">9 t. : </subfield>
      <subfield code="a">266 p. : </subfield>
      <subfield code="a">267 p. : </subfield>
      <subfield code="a">3 v. : </subfield>
      <subfield code="a">p. 529-826 : </subfield>
      <subfield code="b">il. ; </subfield>
      <subfield code="a">356 p. : </subfield>
      <subfield code="a">240 p. : </subfield>
      <subfield code="b">il. ; </subfield>
      <subfield code="a">578 p. : </subfield>
      <subfield code="a">cxliii p. : </subfield>
      <subfield code="b">il. ; </subfield>
      <subfield code="a">2 t. en 1 v. : </subfield>
      <subfield code="b">il. ; </subfield>
      <subfield code="a">2 t. en 1 v. : </subfield>
      <subfield code="b">il. ; </subfield>
      <subfield code="a">288 p. : </subfield>
      <subfield code="b">il. ; </subfield>
      <subfield code="a">106 p. : </subfield>
      <subfield code="b">il. ; </subfield>
      <subfield code="a">228 p. : </subfield>
      <subfield code="a">251 p. : </subfield>
      <subfield code="a">114 p. : </subfield>
      <subfield code="a">xl, 147 p. : </subfield>
      <subfield code="a">xlvi, 139 p. : </subfield>
      <subfield code="a">viii, 472 p. : </subfield>
      <subfield code="a">141 p. : </subfield>
      <subfield code="a">95 p. : </subfield>
      <subfield code="a">235 p. : </subfield>
      <subfield code="a">370 p. : </subfield>
      <subfield code="a">162 p. : </subfield>
      <subfield code="a">vii, 164 p., 1 h. pleg. : </subfield>
      <subfield code="b">il. ; </subfield>
      <subfield code="a">149 p. : </subfield>
      <subfield code="a">214 p. : </subfield>
      <subfield code="b">il. ; </subfield>
      <subfield code="a">243 p. : </subfield>
      <subfield code="b">il. ; </subfield>
      <subfield code="a">161 p. : </subfield>
      <subfield code="a">106 p. : </subfield>
      <subfield code="a">108 p. : </subfield>
      <subfield code="a">167 p. : </subfield>
      <subfield code="a">381 p. : </subfield>
      <subfield code="a">359 p. : </subfield>
      <subfield code="b">il. ; </subfield>
      <subfield code="a">195 p. : </subfield>
      <subfield code="a">xvi, 520 p. : </subfield>
      <subfield code="a">xxxiii, 962 p. : </subfield>
      <subfield code="b">il. ; </subfield>
      <subfield code="a">195 p. : </subfield>
      <subfield code="a">227 p. : </subfield>
      <subfield code="b">il. ; </subfield>
      <subfield code="a">62 p. : </subfield>
      <subfield code="a">92 p. : </subfield>
      <subfield code="a">140 p. : </subfield>
      <subfield code="a">ix, 114 p. : </subfield>
      <subfield code="a">ix, 230 p. : </subfield>
      <subfield code="a">89 p. : </subfield>
      <subfield code="a">xiv, 239 p. : </subfield>
      <subfield code="b">il. ; </subfield>
      <subfield code="a">340 p. : </subfield>
      <subfield code="a">381 p. : </subfield>
      <subfield code="a">1 v. (en varias paginaciones) : </subfield>
      <subfield code="b">il. ; </subfield>
      <subfield code="a">1 v. (en varias paginaciones) : </subfield>
      <subfield code="b">il. ; </subfield>
      <subfield code="a">vii, 938 p. : </subfield>
      <subfield code="b">il. ; </subfield>
      <subfield code="a">xviii, 1105 p. : </subfield>
      <subfield code="b">il. ; </subfield>
      <subfield code="a">xx, 1202 p. : </subfield>
      <subfield code="b">il. ; </subfield>
      <subfield code="a">v. : </subfield>
      <subfield code="b">il. ; </subfield>
      <subfield code="a">v. : </subfield>
      <subfield code="b">il. ; </subfield>
      <subfield code="a">754 p. : </subfield>
      <subfield code="b">il. ; </subfield>
      <subfield code="a">xvi, 750 p. : </subfield>
      <subfield code="b">il. ; </subfield>
      <subfield code="a">354 p. : </subfield>
      <subfield code="a">v. : </subfield>
      <subfield code="b">il. ; </subfield>
      <subfield code="a">v. : </subfield>
      <subfield code="b">il. ; </subfield>
      <subfield code="a">159 p. : </subfield>
      <subfield code="a">2 v. : </subfield>
      <subfield code="a">185 p. : </subfield>
      <subfield code="a">270 p. : </subfield>
      <subfield code="a">169 p. : </subfield>
      <subfield code="b">il. ; </subfield>
      <subfield code="a">2 v. (hojas suelta) : </subfield>
      <subfield code="b">il. ; </subfield>
      <subfield code="a">2 v. (hojas suelta) : </subfield>
      <subfield code="b">il. ; </subfield>
      <subfield code="a">1 v. (hojas suelta) : </subfield>
      <subfield code="b">il. ; </subfield>
      <subfield code="a">296 p. : </subfield>
      <subfield code="b">il. ; </subfield>
      <subfield code="a">63 p. : </subfield>
      <subfield code="b">il. ; </subfield>
      <subfield code="a">51 p. : </subfield>
      <subfield code="b">il. ; </subfield>
      <subfield code="a">63 p. : </subfield>
      <subfield code="a">185 p. : </subfield>
      <subfield code="b">il. ; </subfield>
      <subfield code="a">v. : </subfield>
      <subfield code="a">351 p. : </subfield>
      <subfield code="a">94 p. : </subfield>
      <subfield code="a">162 p. : </subfield>
      <subfield code="a">2 v. : </subfield>
      <subfield code="a">221 p. : </subfield>
      <subfield code="a">93 p. : </subfield>
      <subfield code="a">93 p. : </subfield>
      <subfield code="a">340 p. : </subfield>
      <subfield code="a">95 p. : </subfield>
      <subfield code="a">94 p. : </subfield>
      <subfield code="a">93 p. : </subfield>
      <subfield code="a">94 p. : </subfield>
      <subfield code="a">207 p. : </subfield>
      <subfield code="a">174 p. : </subfield>
      <subfield code="a">xi, 243 p. : </subfield>
      <subfield code="a">186 p. : </subfield>
      <subfield code="a">96 p. : </subfield>
      <subfield code="a">94 p. : </subfield>
      <subfield code="a">93 p. : </subfield>
      <subfield code="a">61 p. : </subfield>
      <subfield code="a">61 p. : </subfield>
      <subfield code="a">209 p. : </subfield>
      <subfield code="b">il. ; </subfield>
      <subfield code="a">120 p. : </subfield>
      <subfield code="a">119 p. : </subfield>
      <subfield code="b">il. ; </subfield>
      <subfield code="a">94 p. : </subfield>
      <subfield code="a">412 p. : </subfield>
      <subfield code="b">il. ; </subfield>
      <subfield code="a">226 p. : </subfield>
      <subfield code="a">139 p. : </subfield>
      <subfield code="a">139 p. : </subfield>
      <subfield code="a">116 p. : </subfield>
      <subfield code="a">125 p. : </subfield>
      <subfield code="a">93 p. : </subfield>
      <subfield code="a">206 p. : </subfield>
      <subfield code="a">162 p. : </subfield>
      <subfield code="a">157 p. : </subfield>
      <subfield code="a">175 p. : </subfield>
      <subfield code="a">209 p. : </subfield>
      <subfield code="a">202 p. : </subfield>
      <subfield code="a">302 p. : </subfield>
      <subfield code="a">153 p. : </subfield>
      <subfield code="a">47 p. : </subfield>
      <subfield code="a">78 p. : </subfield>
      <subfield code="a">169 p. : </subfield>
      <subfield code="a">149 p. : </subfield>
      <subfield code="a">103 p., 3 h. de láms. : </subfield>
      <subfield code="b">il. ; </subfield>
      <subfield code="a">71 p. : </subfield>
      <subfield code="b">il. ; </subfield>
      <subfield code="a">[140] p., 4 h. plegs. de láms. : </subfield>
      <subfield code="b">il. ; </subfield>
      <subfield code="a">87 p. : </subfield>
      <subfield code="b">il. ; </subfield>
      <subfield code="a">513 p. : </subfield>
      <subfield code="b">il. ; </subfield>
      <subfield code="a">284 p. : </subfield>
      <subfield code="b">il. ; </subfield>
      <subfield code="a">139 p. : </subfield>
      <subfield code="a">139 p. : </subfield>
      <subfield code="a">586 p. : </subfield>
      <subfield code="b">il. ; </subfield>
      <subfield code="a">311 p. : </subfield>
      <subfield code="b">il. ; </subfield>
      <subfield code="a">xv, 375 p. : </subfield>
      <subfield code="b">il. ; </subfield>
      <subfield code="a">xiii, 407 p. : </subfield>
      <subfield code="b">il. ; </subfield>
      <subfield code="a">xii, 334 p. : </subfield>
      <subfield code="b">il. ; </subfield>
      <subfield code="a">xxii, 745 p. : </subfield>
      <subfield code="a">581 p. : </subfield>
      <subfield code="b">il. ; </subfield>
      <subfield code="a">x, 109 p. : </subfield>
      <subfield code="b">il. ; </subfield>
      <subfield code="a">xiv, 284 p. : </subfield>
      <subfield code="b">il. ; </subfield>
      <subfield code="a">480 p. : </subfield>
      <subfield code="a">c, 380 p. : </subfield>
      <subfield code="b">il. ; </subfield>
      <subfield code="a">2 v. : </subfield>
      <subfield code="a">106 p. : </subfield>
      <subfield code="a">117 p. : </subfield>
      <subfield code="a">330 p. : </subfield>
      <subfield code="a">xlvi, 158 p. : </subfield>
      <subfield code="a">109 p. : </subfield>
      <subfield code="a">235 p. : </subfield>
      <subfield code="a">200 p. : </subfield>
      <subfield code="a">144 p. : </subfield>
      <subfield code="a">235 p. : </subfield>
      <subfield code="a">151 p. : </subfield>
      <subfield code="a">60 p. : </subfield>
      <subfield code="a">126 p. : </subfield>
      <subfield code="a">132 p. : </subfield>
      <subfield code="a">157 p. : </subfield>
      <subfield code="a">127 p. : </subfield>
      <subfield code="a">[72] p. : </subfield>
      <subfield code="b">il. ; </subfield>
      <subfield code="a">[59] p. : </subfield>
      <subfield code="b">il. ; </subfield>
      <subfield code="a">[58] p. : </subfield>
      <subfield code="b">il. ; </subfield>
      <subfield code="a">63 p. : </subfield>
      <subfield code="a">55 p. : </subfield>
      <subfield code="a">64 p. : </subfield>
      <subfield code="a">61 p. : </subfield>
      <subfield code="a">57 p. : </subfield>
      <subfield code="a">61 p. : </subfield>
      <subfield code="a">62 p. : </subfield>
      <subfield code="a">58 p. : </subfield>
      <subfield code="a">303 p. : </subfield>
      <subfield code="b">il. ; </subfield>
      <subfield code="a">51 p. : </subfield>
      <subfield code="a">51 p. : </subfield>
      <subfield code="a">63 p. : </subfield>
      <subfield code="a">64 p. : </subfield>
      <subfield code="a">53 p. : </subfield>
      <subfield code="a">190 p. : </subfield>
      <subfield code="b">il. ; </subfield>
      <subfield code="a">191 p. : </subfield>
      <subfield code="b">il. ; </subfield>
      <subfield code="a">191 p. : </subfield>
      <subfield code="b">il. ; </subfield>
      <subfield code="a">191 p. : </subfield>
      <subfield code="b">il. ; </subfield>
      <subfield code="a">191 p. : </subfield>
      <subfield code="b">il. ; </subfield>
      <subfield code="a">175 p. : </subfield>
      <subfield code="b">il. ; </subfield>
      <subfield code="a">191 p. : </subfield>
      <subfield code="b">il. ; </subfield>
      <subfield code="a">194 p. : </subfield>
      <subfield code="b">il. ; </subfield>
      <subfield code="a">39 p. : </subfield>
      <subfield code="b">il. ; </subfield>
      <subfield code="a">309 p. : </subfield>
      <subfield code="b">il. ; </subfield>
      <subfield code="a">xv, 572 p : </subfield>
      <subfield code="b">il. ; </subfield>
      <subfield code="a">xi, 139 p. : </subfield>
      <subfield code="b">il. ; </subfield>
      <subfield code="a">205 p. : </subfield>
      <subfield code="a">xiii, 598 p. : </subfield>
      <subfield code="b">il. ; </subfield>
      <subfield code="a">185 p. : </subfield>
      <subfield code="b">il. ; </subfield>
      <subfield code="a">159 p. : </subfield>
      <subfield code="a">227 p. : </subfield>
      <subfield code="b">il. ; </subfield>
      <subfield code="a">172 p. : </subfield>
      <subfield code="a">130 p. : </subfield>
      <subfield code="a">396 p. : </subfield>
      <subfield code="a">137 p. : </subfield>
      <subfield code="b">il. ; </subfield>
      <subfield code="a">141 p. : </subfield>
      <subfield code="b">il. ; </subfield>
      <subfield code="a">377 p. : </subfield>
      <subfield code="b">il. ; </subfield>
      <subfield code="a">258 p. : </subfield>
      <subfield code="b">il. ; </subfield>
      <subfield code="a">192 p. : </subfield>
      <subfield code="b">il. ; </subfield>
      <subfield code="a">xi, 219 p. : </subfield>
      <subfield code="b">il. ; </subfield>
      <subfield code="a">166 p. : </subfield>
      <subfield code="a">244 p. : </subfield>
      <subfield code="b">il. ; </subfield>
      <subfield code="a">355 p. : </subfield>
      <subfield code="b">il. ; </subfield>
      <subfield code="a">184 p. : </subfield>
      <subfield code="b">il. ; </subfield>
      <subfield code="a">341 p. : </subfield>
      <subfield code="a">v. : </subfield>
      <subfield code="a">63 p. : </subfield>
      <subfield code="a">310 p. : </subfield>
      <subfield code="a">224 p. : </subfield>
      <subfield code="a">268 p. : </subfield>
      <subfield code="a">129 p. : </subfield>
      <subfield code="a">187 p. : </subfield>
      <subfield code="a">428 p. : </subfield>
      <subfield code="a">127 p. : </subfield>
      <subfield code="b">il. ; </subfield>
      <subfield code="a">149 p. : </subfield>
      <subfield code="a">280 p. : </subfield>
      <subfield code="a">196 p. : </subfield>
      <subfield code="a">224 p. : </subfield>
      <subfield code="a">156 p. : </subfield>
      <subfield code="a">179 p. : </subfield>
      <subfield code="a">264 p. : </subfield>
      <subfield code="a">206 p. : </subfield>
      <subfield code="a">397 p. : </subfield>
      <subfield code="a">252 p. : </subfield>
      <subfield code="a">223 p. : </subfield>
      <subfield code="a">175 p. : </subfield>
      <subfield code="a">775 p. : </subfield>
      <subfield code="b">il. ; </subfield>
      <subfield code="a">661 p. : </subfield>
      <subfield code="b">il. ; </subfield>
      <subfield code="a">325 p. : </subfield>
      <subfield code="a">116 p. : </subfield>
      <subfield code="a">303 p. : </subfield>
      <subfield code="a">421 p. : </subfield>
      <subfield code="a">194 p. : </subfield>
      <subfield code="a">260 p. : </subfield>
      <subfield code="a">146 p. : </subfield>
      <subfield code="a">[82] h. en varias foliaciones : </subfield>
      <subfield code="a">398 p. : </subfield>
      <subfield code="a">443 p. : </subfield>
      <subfield code="a">[55] p. : </subfield>
      <subfield code="b">il. ; </subfield>
      <subfield code="a">213 p. : </subfield>
      <subfield code="a">240 p. : </subfield>
      <subfield code="b">il. ; </subfield>
      <subfield code="a">240 p. : </subfield>
      <subfield code="b">il. ; </subfield>
      <subfield code="a">2 v. : </subfield>
      <subfield code="b">il. ; </subfield>
      <subfield code="a">xvi, 399 p. : </subfield>
      <subfield code="b">il. ; </subfield>
      <subfield code="a">xviii, 524 p. : </subfield>
      <subfield code="b">il. ; </subfield>
      <subfield code="a">lxxvi, 260 p. : </subfield>
      <subfield code="b">il. ; </subfield>
      <subfield code="a">xxiii, 725 p. : </subfield>
      <subfield code="b">il. ; </subfield>
      <subfield code="a">145 p. : </subfield>
      <subfield code="a">lvi, 176 p. : </subfield>
      <subfield code="b">il. ; </subfield>
      <subfield code="a">161 p. : </subfield>
      <subfield code="a">153 p. : </subfield>
      <subfield code="a">160 p. : </subfield>
      <subfield code="b">il. ; </subfield>
      <subfield code="a">473 p. : </subfield>
      <subfield code="a">328 p. : </subfield>
      <subfield code="b">il. ; </subfield>
      <subfield code="a">129 p. : </subfield>
      <subfield code="b">il. ; </subfield>
      <subfield code="a">396 p. : </subfield>
      <subfield code="a">v. : </subfield>
      <subfield code="b">il. ; </subfield>
      <subfield code="a">xviii, [387] p. en varias paginaciones : </subfield>
      <subfield code="b">il. ; </subfield>
      <subfield code="a">xxii, 920 p. : </subfield>
      <subfield code="b">il. ; </subfield>
      <subfield code="e">1 DVD en bolsillo</subfield>
    </datafield>
    <datafield tag="500" ind1=" " ind2=" ">
      <subfield code="a">Contenido del DVD: Engineering equation solver (EES)</subfield>
    </datafield>
    <datafield tag="942" ind1=" " ind2=" ">
      <subfield code="c">BK</subfield>
    </datafield>
    <datafield tag="952" ind1=" " ind2=" ">
      <subfield code="a">BIB_UARG</subfield>
      <subfield code="b">BIB_UARG</subfield>
      <subfield code="d">2014-10-17</subfield>
      <subfield code="y">BK</subfield>
      <subfield code="p">05-46794</subfield>
    </datafield>
    <datafield tag="952" ind1=" " ind2=" ">
      <subfield code="a">BIB_UARG</subfield>
      <subfield code="b">BIB_UARG</subfield>
      <subfield code="d">2014-10-17</subfield>
      <subfield code="y">BK</subfield>
      <subfield code="p">05-46795</subfield>
    </datafield>
  </record>