
  <record>
    <leader>01000aam  22002601a 4500</leader>
    <controlfield tag="001">YPZ99149</controlfield>
    <controlfield tag="003">YPZ</controlfield>
    <controlfield tag="005">201410201347490</controlfield>
    <controlfield tag="008">141020|###########||||||b||||||||||spa|d</controlfield>
    <datafield tag="040" ind1=" " ind2=" ">
      <subfield code="c">SIUNPA</subfield>
    </datafield>
    <datafield tag="041" ind1=" " ind2=" ">
      <subfield code="a">spa</subfield>
    </datafield>
    <datafield tag="044" ind1=" " ind2=" ">
      <subfield code="a">IT</subfield>
    </datafield>
    <datafield tag="082" ind1=" " ind2=" ">
      <subfield code="a">271.789.1 B578m</subfield>
    </datafield>
    <datafield tag="100" ind1=" " ind2=" ">
      <subfield code="a">Bianco, Enzo, texto.</subfield>
    </datafield>
    <datafield tag="245" ind1=" " ind2=" ">
      <subfield code="a">Misiones don Bosco año ciento</subfield>
      <subfield code="b"> : 1875 salesianos, hijas de María Auxiliadora 1877</subfield>
      <subfield code="c"> / Segneri, Héctor, coord. ; Altarejos, Antonio, rev. ; Mélida, Jesús, tr. y adaptación</subfield>
    </datafield>
    <datafield tag="260" ind1=" " ind2=" ">
      <subfield code="a">Roma</subfield>
      <subfield code="b"> : SDB Roma</subfield>
      <subfield code="c"> , 1975</subfield>
    </datafield>
    <datafield tag="942" ind1=" " ind2=" ">
      <subfield code="c">BK</subfield>
    </datafield>
    <datafield tag="952" ind1=" " ind2=" ">
      <subfield code="a">BIB_UARG</subfield>
      <subfield code="b">BIB_UARG</subfield>
      <subfield code="d">2014-10-15</subfield>
      <subfield code="y">BK</subfield>
      <subfield code="p">05-46778</subfield>
    </datafield>
  </record>