
  <record>
    <leader>01000aam  22002601a 4500</leader>
    <controlfield tag="001">YPZ99155</controlfield>
    <controlfield tag="003">YPZ</controlfield>
    <controlfield tag="005">201410201725080</controlfield>
    <controlfield tag="008">141020|###########||||||b||||||||||spa|d</controlfield>
    <datafield tag="040" ind1=" " ind2=" ">
      <subfield code="c">SIUNPA</subfield>
    </datafield>
    <datafield tag="041" ind1=" " ind2=" ">
      <subfield code="a">spa</subfield>
    </datafield>
    <datafield tag="044" ind1=" " ind2=" ">
      <subfield code="a">EN</subfield>
    </datafield>
    <datafield tag="082" ind1=" " ind2=" ">
      <subfield code="a">R050.8 L697l</subfield>
    </datafield>
    <datafield tag="245" ind1=" " ind2=" ">
      <subfield code="a">Libro del año Barsa 1967</subfield>
      <subfield code="b"> : anuario ilustrado de los principales acontecimientos ocurridos en el mundo en el año de 1966</subfield>
      <subfield code="c"> / Ramos, César Alfredo, dir. ; Rumschisky, Alberto, subdir. ; Anitúa, Arrigo Coen, redactor ; Hernández, Juan Luis, redactor</subfield>
    </datafield>
    <datafield tag="260" ind1=" " ind2=" ">
      <subfield code="a">Chicago, Ill.</subfield>
      <subfield code="b"> : Encyclopaedia Britannica</subfield>
      <subfield code="c"> , 1967</subfield>
    </datafield>
    <datafield tag="942" ind1=" " ind2=" ">
      <subfield code="c">BK</subfield>
    </datafield>
    <datafield tag="952" ind1=" " ind2=" ">
      <subfield code="a">BIB_UARG</subfield>
      <subfield code="b">BIB_UARG</subfield>
      <subfield code="d">2014-10-15</subfield>
      <subfield code="y">BK</subfield>
      <subfield code="p">05-46783</subfield>
    </datafield>
  </record>