
  <record>
    <leader>01000aam  22002601a 4500</leader>
    <controlfield tag="001">YPZ99175</controlfield>
    <controlfield tag="003">YPZ</controlfield>
    <controlfield tag="005">201410231143340</controlfield>
    <controlfield tag="008">141023|###########||||||b||||||||||spa|d</controlfield>
    <datafield tag="040" ind1=" " ind2=" ">
      <subfield code="c">SIUNPA</subfield>
    </datafield>
    <datafield tag="041" ind1=" " ind2=" ">
      <subfield code="a">spa</subfield>
    </datafield>
    <datafield tag="044" ind1=" " ind2=" ">
      <subfield code="a">AR</subfield>
    </datafield>
    <datafield tag="082" ind1=" " ind2=" ">
      <subfield code="a">910.4 S246v</subfield>
    </datafield>
    <datafield tag="100" ind1=" " ind2=" ">
      <subfield code="a">Sarmiento de Gamboa, Pedro.</subfield>
    </datafield>
    <datafield tag="245" ind1=" " ind2=" ">
      <subfield code="a">Viaje al Estrecho de Magallanes</subfield>
      <subfield code="b"> : (1579-1584)</subfield>
      <subfield code="c"> / Rosenblat, Ángel, ed. y notas al cuidado ; Braun Menéndez, Armando, pról.</subfield>
    </datafield>
    <datafield tag="260" ind1=" " ind2=" ">
      <subfield code="a">Buenos Aires</subfield>
      <subfield code="b"> : Emecé</subfield>
      <subfield code="c"> , 1950</subfield>
    </datafield>
    <datafield tag="500" ind1=" " ind2=" ">
      <subfield code="a">En portada: Recopilación de sus relaciones sobre los dos viajes al Estrecho y de sus cartas y memoriales</subfield>
    </datafield>
    <datafield tag="500" ind1=" " ind2=" ">
      <subfield code="a">Con un apéndice documental sobre su vida y sus viajes</subfield>
    </datafield>
    <datafield tag="500" ind1=" " ind2=" ">
      <subfield code="a">Con un glosario de voces marítimas y antiguas y un índice alfabético de nombres y materias</subfield>
    </datafield>
    <datafield tag="942" ind1=" " ind2=" ">
      <subfield code="c">BK</subfield>
    </datafield>
    <datafield tag="952" ind1=" " ind2=" ">
      <subfield code="a">BIB_UARG</subfield>
      <subfield code="b">BIB_UARG</subfield>
      <subfield code="d">2014-10-23</subfield>
      <subfield code="y">BK</subfield>
      <subfield code="p">05-46824</subfield>
    </datafield>
    <datafield tag="952" ind1=" " ind2=" ">
      <subfield code="a">BIB_UARG</subfield>
      <subfield code="b">BIB_UARG</subfield>
      <subfield code="d">2014-10-23</subfield>
      <subfield code="y">BK</subfield>
      <subfield code="p">05-46825</subfield>
    </datafield>
  </record>