
  <record>
    <leader>01000aam  22002601a 4500</leader>
    <controlfield tag="001">YPZ99213</controlfield>
    <controlfield tag="003">YPZ</controlfield>
    <controlfield tag="005">201411061455430</controlfield>
    <controlfield tag="008">141106|###########||||||b||||||||||spa|d</controlfield>
    <datafield tag="020" ind1=" " ind2=" ">
      <subfield code="a">9788483222621 (o.c.)</subfield>
    </datafield>
    <datafield tag="020" ind1=" " ind2=" ">
      <subfield code="a">9788483226651 (v.1)</subfield>
    </datafield>
    <datafield tag="020" ind1=" " ind2=" ">
      <subfield code="a">9788483226667 (v.2)</subfield>
    </datafield>
    <datafield tag="040" ind1=" " ind2=" ">
      <subfield code="c">SIUNPA</subfield>
    </datafield>
    <datafield tag="041" ind1=" " ind2=" ">
      <subfield code="a">spa</subfield>
    </datafield>
    <datafield tag="044" ind1=" " ind2=" ">
      <subfield code="a">ES</subfield>
    </datafield>
    <datafield tag="082" ind1=" " ind2=" ">
      <subfield code="a">55 T179c8</subfield>
    </datafield>
    <datafield tag="100" ind1=" " ind2=" ">
      <subfield code="a">Tarbuck, Edward J..</subfield>
    </datafield>
    <datafield tag="700" ind1=" " ind2=" ">
      <subfield code="a">Lutgens, Federick K..</subfield>
    </datafield>
    <datafield tag="245" ind1=" " ind2=" ">
      <subfield code="a">Ciencias de la tierra</subfield>
      <subfield code="b"> : una introducción a la geología física. Octava edición</subfield>
      <subfield code="c"> / Tasa, Dennis, il. ; AMR, tr. científicas ; García del Amo, rev. técnica y adaptación ; Lario Gómez, Javier, rev. técnica y adaptación ; Pozo Rodríguez, Manuel, rev. técnica y adaptación ; González Casado, José Manuel, rev. técnica y adaptación</subfield>
    </datafield>
    <datafield tag="250" ind1=" " ind2=" ">
      <subfield code="a">8a ed.</subfield>
    </datafield>
    <datafield tag="260" ind1=" " ind2=" ">
      <subfield code="a">Madrid</subfield>
      <subfield code="b"> : Pearson Prentice Hall</subfield>
      <subfield code="c"> , 2010</subfield>
    </datafield>
    <datafield tag="942" ind1=" " ind2=" ">
      <subfield code="c">BK</subfield>
    </datafield>
    <datafield tag="952" ind1=" " ind2=" ">
      <subfield code="a">BIB_UART</subfield>
      <subfield code="b">BIB_UART</subfield>
      <subfield code="d">2014-11-05</subfield>
      <subfield code="y">BK</subfield>
      <subfield code="p">03-46876</subfield>
    </datafield>
    <datafield tag="952" ind1=" " ind2=" ">
      <subfield code="a">BIB_UART</subfield>
      <subfield code="b">BIB_UART</subfield>
      <subfield code="d">2014-11-05</subfield>
      <subfield code="y">BK</subfield>
      <subfield code="p">03-46877</subfield>
    </datafield>
  </record>