
  <record>
    <leader>01000aam  22002601a 4500</leader>
    <controlfield tag="001">YPZ99218</controlfield>
    <controlfield tag="003">YPZ</controlfield>
    <controlfield tag="005">201411071358510</controlfield>
    <controlfield tag="008">141107|###########||||||b||||||||||spa|d</controlfield>
    <datafield tag="020" ind1=" " ind2=" ">
      <subfield code="a">9789870434122</subfield>
    </datafield>
    <datafield tag="040" ind1=" " ind2=" ">
      <subfield code="c">SIUNPA</subfield>
    </datafield>
    <datafield tag="041" ind1=" " ind2=" ">
      <subfield code="a">spa</subfield>
    </datafield>
    <datafield tag="044" ind1=" " ind2=" ">
      <subfield code="a">AR</subfield>
    </datafield>
    <datafield tag="082" ind1=" " ind2=" ">
      <subfield code="a">821.134.2(728.1)</subfield>
    </datafield>
    <datafield tag="100" ind1=" " ind2=" ">
      <subfield code="a">Rey-Rosa, Rodrigo.</subfield>
    </datafield>
    <datafield tag="245" ind1=" " ind2=" ">
      <subfield code="a">Imitación de Guatemala</subfield>
    </datafield>
    <datafield tag="260" ind1=" " ind2=" ">
      <subfield code="a">Buenos Aires</subfield>
      <subfield code="b"> : Aguilar</subfield>
      <subfield code="b"> : Altea</subfield>
      <subfield code="b"> : Taurus</subfield>
      <subfield code="b"> : Alfaguara</subfield>
      <subfield code="c"> , 2014</subfield>
    </datafield>
    <datafield tag="500" ind1=" " ind2=" ">
      <subfield code="a">En cub.: Cuatro novelas breves</subfield>
    </datafield>
    <datafield tag="505" ind1="0" ind2="0">
      <subfield code="g">p. 11-126</subfield>
      <subfield code="g">- LITERATURA GUATEMALTECA|- NOVELA</subfield>
      <subfield code="r">Rey-Rosa, Rodrigo</subfield>
      <subfield code="t">Que me maten si---</subfield>
    </datafield>
    <datafield tag="505" ind1="0" ind2="0">
      <subfield code="g">p. 127-206</subfield>
      <subfield code="g">- LITERATURA GUATEMALTECA|- NOVELA</subfield>
      <subfield code="r">Rey-Rosa, Rodrigo</subfield>
      <subfield code="t">El cojo bueno</subfield>
    </datafield>
    <datafield tag="505" ind1="0" ind2="0">
      <subfield code="g">p. 207-286</subfield>
      <subfield code="g">- LITERATURA GUATEMALTECA|- NOVELA</subfield>
      <subfield code="r">Rey-Rosa, Rodrigo</subfield>
      <subfield code="t">Piedras encantadas</subfield>
    </datafield>
    <datafield tag="505" ind1="0" ind2="0">
      <subfield code="g">p. 287-361</subfield>
      <subfield code="g">- LITERATURA GUATEMALTECA|- NOVELA</subfield>
      <subfield code="r">Rey-Rosa, Rodrigo</subfield>
      <subfield code="t">Caballeriza</subfield>
    </datafield>
    <datafield tag="773" ind1="0" ind2="#">
      <subfield code="a">Rey-Rosa, Rodrigo</subfield>
      <subfield code="g">- LITERATURA GUATEMALTECA|- NOVELA</subfield>
      <subfield code="h">p. 11-126</subfield>
      <subfield code="t">Que me maten si---</subfield>
    </datafield>
    <datafield tag="773" ind1="0" ind2="#">
      <subfield code="a">Rey-Rosa, Rodrigo</subfield>
      <subfield code="g">- LITERATURA GUATEMALTECA|- NOVELA</subfield>
      <subfield code="h">p. 127-206</subfield>
      <subfield code="t">El cojo bueno</subfield>
    </datafield>
    <datafield tag="773" ind1="0" ind2="#">
      <subfield code="a">Rey-Rosa, Rodrigo</subfield>
      <subfield code="g">- LITERATURA GUATEMALTECA|- NOVELA</subfield>
      <subfield code="h">p. 207-286</subfield>
      <subfield code="t">Piedras encantadas</subfield>
    </datafield>
    <datafield tag="773" ind1="0" ind2="#">
      <subfield code="a">Rey-Rosa, Rodrigo</subfield>
      <subfield code="g">- LITERATURA GUATEMALTECA|- NOVELA</subfield>
      <subfield code="h">p. 287-361</subfield>
      <subfield code="t">Caballeriza</subfield>
    </datafield>
    <datafield tag="942" ind1=" " ind2=" ">
      <subfield code="c">BK</subfield>
    </datafield>
    <datafield tag="952" ind1=" " ind2=" ">
      <subfield code="a">BIB_UARG</subfield>
      <subfield code="b">BIB_UARG</subfield>
      <subfield code="d">2014-11-07</subfield>
      <subfield code="y">BK</subfield>
      <subfield code="p">05-46913</subfield>
    </datafield>
  </record>