
  <record>
    <leader>01000aam  22002601a 4500</leader>
    <controlfield tag="001">YPZ99228</controlfield>
    <controlfield tag="003">YPZ</controlfield>
    <controlfield tag="005">201411111643500</controlfield>
    <controlfield tag="008">141111|###########||||||b||||||||||spa|d</controlfield>
    <datafield tag="020" ind1=" " ind2=" ">
      <subfield code="a">9789502321059</subfield>
    </datafield>
    <datafield tag="040" ind1=" " ind2=" ">
      <subfield code="c">SIUNPA</subfield>
    </datafield>
    <datafield tag="041" ind1=" " ind2=" ">
      <subfield code="a">spa</subfield>
    </datafield>
    <datafield tag="044" ind1=" " ind2=" ">
      <subfield code="a">AR</subfield>
    </datafield>
    <datafield tag="082" ind1=" " ind2=" ">
      <subfield code="a">028.1 D614l</subfield>
    </datafield>
    <datafield tag="100" ind1=" " ind2=" ">
      <subfield code="a">Di Stefano, Mariana.</subfield>
    </datafield>
    <datafield tag="245" ind1=" " ind2=" ">
      <subfield code="a">El lector libertario</subfield>
      <subfield code="b"> : prácticas e ideologías lectoras del anarquismo argentino (1898-1915)</subfield>
    </datafield>
    <datafield tag="250" ind1=" " ind2=" ">
      <subfield code="a">1a ed.</subfield>
    </datafield>
    <datafield tag="260" ind1=" " ind2=" ">
      <subfield code="a">Buenos Aires</subfield>
      <subfield code="b"> : Eudeba</subfield>
      <subfield code="c"> , 2013</subfield>
    </datafield>
    <datafield tag="942" ind1=" " ind2=" ">
      <subfield code="c">BK</subfield>
    </datafield>
    <datafield tag="952" ind1=" " ind2=" ">
      <subfield code="a">BIB_UARG</subfield>
      <subfield code="b">BIB_UARG</subfield>
      <subfield code="d">2014-11-07</subfield>
      <subfield code="y">BK</subfield>
      <subfield code="p">05-46958</subfield>
    </datafield>
    <datafield tag="952" ind1=" " ind2=" ">
      <subfield code="a">BIB_UARG</subfield>
      <subfield code="b">BIB_UARG</subfield>
      <subfield code="d">2014-11-07</subfield>
      <subfield code="y">BK</subfield>
      <subfield code="p">05-46959</subfield>
    </datafield>
  </record>