
  <record>
    <leader>01000aam  22002601a 4500</leader>
    <controlfield tag="001">YPZ99232</controlfield>
    <controlfield tag="003">YPZ</controlfield>
    <controlfield tag="005">201411111729110</controlfield>
    <controlfield tag="008">141111|###########||||||b||||||||||spa|d</controlfield>
    <datafield tag="020" ind1=" " ind2=" ">
      <subfield code="a">9789681683313</subfield>
    </datafield>
    <datafield tag="040" ind1=" " ind2=" ">
      <subfield code="c">SIUNPA</subfield>
    </datafield>
    <datafield tag="041" ind1=" " ind2=" ">
      <subfield code="a">spa</subfield>
    </datafield>
    <datafield tag="044" ind1=" " ind2=" ">
      <subfield code="a">MX</subfield>
    </datafield>
    <datafield tag="082" ind1=" " ind2=" ">
      <subfield code="a">930.2 F395c2</subfield>
    </datafield>
    <datafield tag="100" ind1=" " ind2=" ">
      <subfield code="a">Ferro, Marc.</subfield>
    </datafield>
    <datafield tag="245" ind1=" " ind2=" ">
      <subfield code="a">Cómo se cuenta la historia a los niños en el mundo entero</subfield>
      <subfield code="c"> / Fernández Bravo, Sergio, tr.</subfield>
    </datafield>
    <datafield tag="250" ind1=" " ind2=" ">
      <subfield code="a">2a ed. en español</subfield>
    </datafield>
    <datafield tag="260" ind1=" " ind2=" ">
      <subfield code="a">México, D.F.</subfield>
      <subfield code="b"> : Fondo de Cultura Económica</subfield>
      <subfield code="c"> , 2007</subfield>
    </datafield>
    <datafield tag="440" ind1=" " ind2=" ">
      <subfield code="a">Colección historias americanas</subfield>
      <subfield code="a">Historia de las políticas e ideas sobre el lenguaje en América Latina</subfield>
      <subfield code="a">Colección pensamiento nacional</subfield>
      <subfield code="a">Ciencia que ladra... Serie Mayor</subfield>
      <subfield code="a">Contemporánea / Debolsillo</subfield>
      <subfield code="a">Colección popular</subfield>
      <subfield code="v">441</subfield>
    </datafield>
    <datafield tag="490" ind1=" " ind2=" ">
      <subfield code="a">Colección historias americanas</subfield>
      <subfield code="a">Historia de las políticas e ideas sobre el lenguaje en América Latina</subfield>
      <subfield code="a">Colección pensamiento nacional</subfield>
      <subfield code="a">Ciencia que ladra... Serie Mayor</subfield>
      <subfield code="a">Contemporánea / Debolsillo</subfield>
      <subfield code="a">Colección popular</subfield>
      <subfield code="v">441</subfield>
    </datafield>
    <datafield tag="942" ind1=" " ind2=" ">
      <subfield code="c">BK</subfield>
    </datafield>
    <datafield tag="952" ind1=" " ind2=" ">
      <subfield code="a">BIB_UARG</subfield>
      <subfield code="b">BIB_UARG</subfield>
      <subfield code="d">2014-11-11</subfield>
      <subfield code="y">BK</subfield>
      <subfield code="p">05-46947</subfield>
    </datafield>
  </record>