
  <record>
    <leader>01000aam  22002601a 4500</leader>
    <controlfield tag="001">YPZ99234</controlfield>
    <controlfield tag="003">YPZ</controlfield>
    <controlfield tag="005">201411121350490</controlfield>
    <controlfield tag="008">141112|###########||||||b||||||||||spa|d</controlfield>
    <datafield tag="020" ind1=" " ind2=" ">
      <subfield code="a">9505630255</subfield>
    </datafield>
    <datafield tag="020" ind1=" " ind2=" ">
      <subfield code="a">9789505630257</subfield>
    </datafield>
    <datafield tag="040" ind1=" " ind2=" ">
      <subfield code="c">SIUNPA</subfield>
    </datafield>
    <datafield tag="041" ind1=" " ind2=" ">
      <subfield code="a">spa</subfield>
    </datafield>
    <datafield tag="044" ind1=" " ind2=" ">
      <subfield code="a">ES</subfield>
    </datafield>
    <datafield tag="082" ind1=" " ind2=" ">
      <subfield code="a">821.124'02 T316co</subfield>
    </datafield>
    <datafield tag="100" ind1=" " ind2=" ">
      <subfield code="a">Terencio.</subfield>
    </datafield>
    <datafield tag="700" ind1=" " ind2=" ">
      <subfield code="a">Publius Terentius Afer.</subfield>
    </datafield>
    <datafield tag="245" ind1=" " ind2=" ">
      <subfield code="a">Comedias completas</subfield>
      <subfield code="c"> / Bauzá, Hugo Francisco, tr., notas e introd.</subfield>
    </datafield>
    <datafield tag="260" ind1=" " ind2=" ">
      <subfield code="a">Buenos Aires</subfield>
      <subfield code="b"> : Colihue</subfield>
      <subfield code="c"> , 2007</subfield>
    </datafield>
    <datafield tag="505" ind1="0" ind2="0">
      <subfield code="g">p. 3-71</subfield>
      <subfield code="g">- LITERATURA LATINA|- TEATRO</subfield>
      <subfield code="r">Terencio|Publius Terentius Afer</subfield>
      <subfield code="t">La Andriana:(Andria o la muchacha de Andros)</subfield>
    </datafield>
    <datafield tag="505" ind1="0" ind2="0">
      <subfield code="g">p. 73-144</subfield>
      <subfield code="g">- LITERATURA LATINA|- TEATRO</subfield>
      <subfield code="r">Terencio|Publius Terentius Afer</subfield>
      <subfield code="t">El Eunuco</subfield>
    </datafield>
    <datafield tag="505" ind1="0" ind2="0">
      <subfield code="g">p. 145-213</subfield>
      <subfield code="g">- LITERATURA LATINA|- TEATRO</subfield>
      <subfield code="r">Terencio|Publius Terentius Afer</subfield>
      <subfield code="t">Heautontimorúmenos:(el atormentador de sí mismo)</subfield>
    </datafield>
    <datafield tag="505" ind1="0" ind2="0">
      <subfield code="g">p. 215-288</subfield>
      <subfield code="g">- LITERATURA LATINA|- TEATRO</subfield>
      <subfield code="r">Terencio|Publius Terentius Afer</subfield>
      <subfield code="t">Formión</subfield>
    </datafield>
    <datafield tag="505" ind1="0" ind2="0">
      <subfield code="g">p. 289-342</subfield>
      <subfield code="g">- LITERATURA LATINA|- TEATRO</subfield>
      <subfield code="r">Terencio|Publius Terentius Afer</subfield>
      <subfield code="t">La suegra</subfield>
    </datafield>
    <datafield tag="505" ind1="0" ind2="0">
      <subfield code="g">p. 343-408</subfield>
      <subfield code="g">- LITERATURA LATINA|- TEATRO</subfield>
      <subfield code="r">Terencio|Publius Terentius Afer</subfield>
      <subfield code="t">Los hermanos</subfield>
    </datafield>
    <datafield tag="773" ind1="0" ind2="#">
      <subfield code="a">Terencio|Publius Terentius Afer</subfield>
      <subfield code="g">- LITERATURA LATINA|- TEATRO</subfield>
      <subfield code="h">p. 3-71</subfield>
      <subfield code="t">La Andriana:(Andria o la muchacha de Andros)</subfield>
    </datafield>
    <datafield tag="773" ind1="0" ind2="#">
      <subfield code="a">Terencio|Publius Terentius Afer</subfield>
      <subfield code="g">- LITERATURA LATINA|- TEATRO</subfield>
      <subfield code="h">p. 73-144</subfield>
      <subfield code="t">El Eunuco</subfield>
    </datafield>
    <datafield tag="773" ind1="0" ind2="#">
      <subfield code="a">Terencio|Publius Terentius Afer</subfield>
      <subfield code="g">- LITERATURA LATINA|- TEATRO</subfield>
      <subfield code="h">p. 145-213</subfield>
      <subfield code="t">Heautontimorúmenos:(el atormentador de sí mismo)</subfield>
    </datafield>
    <datafield tag="773" ind1="0" ind2="#">
      <subfield code="a">Terencio|Publius Terentius Afer</subfield>
      <subfield code="g">- LITERATURA LATINA|- TEATRO</subfield>
      <subfield code="h">p. 215-288</subfield>
      <subfield code="t">Formión</subfield>
    </datafield>
    <datafield tag="773" ind1="0" ind2="#">
      <subfield code="a">Terencio|Publius Terentius Afer</subfield>
      <subfield code="g">- LITERATURA LATINA|- TEATRO</subfield>
      <subfield code="h">p. 289-342</subfield>
      <subfield code="t">La suegra</subfield>
    </datafield>
    <datafield tag="773" ind1="0" ind2="#">
      <subfield code="a">Terencio|Publius Terentius Afer</subfield>
      <subfield code="g">- LITERATURA LATINA|- TEATRO</subfield>
      <subfield code="h">p. 343-408</subfield>
      <subfield code="t">Los hermanos</subfield>
    </datafield>
    <datafield tag="942" ind1=" " ind2=" ">
      <subfield code="c">BK</subfield>
    </datafield>
    <datafield tag="952" ind1=" " ind2=" ">
      <subfield code="a">BIB_UARG</subfield>
      <subfield code="b">BIB_UARG</subfield>
      <subfield code="d">2014-11-11</subfield>
      <subfield code="y">BK</subfield>
      <subfield code="p">05-46945</subfield>
    </datafield>
    <datafield tag="952" ind1=" " ind2=" ">
      <subfield code="a">BIB_UARG</subfield>
      <subfield code="b">BIB_UARG</subfield>
      <subfield code="d">2014-11-11</subfield>
      <subfield code="y">BK</subfield>
      <subfield code="p">05-46946</subfield>
    </datafield>
  </record>