
  <record>
    <leader>01000aam  22002601a 4500</leader>
    <controlfield tag="001">YPZ99239</controlfield>
    <controlfield tag="003">YPZ</controlfield>
    <controlfield tag="005">201411121519050</controlfield>
    <controlfield tag="008">141112|###########||||||b||||||||||spa|d</controlfield>
    <datafield tag="020" ind1=" " ind2=" ">
      <subfield code="a">9789876910637</subfield>
    </datafield>
    <datafield tag="040" ind1=" " ind2=" ">
      <subfield code="c">SIUNPA</subfield>
    </datafield>
    <datafield tag="041" ind1=" " ind2=" ">
      <subfield code="a">spa</subfield>
    </datafield>
    <datafield tag="044" ind1=" " ind2=" ">
      <subfield code="a">AR</subfield>
    </datafield>
    <datafield tag="082" ind1=" " ind2=" ">
      <subfield code="a">37.015.3 F386c</subfield>
    </datafield>
    <datafield tag="100" ind1=" " ind2=" ">
      <subfield code="a">Ferrero, Inés María.</subfield>
    </datafield>
    <datafield tag="700" ind1=" " ind2=" ">
      <subfield code="a">Martín, Mónica.</subfield>
    </datafield>
    <datafield tag="245" ind1=" " ind2=" ">
      <subfield code="a">¿La comunicación no verbal influye en el clima áulico?</subfield>
    </datafield>
    <datafield tag="250" ind1=" " ind2=" ">
      <subfield code="a">1a ed.</subfield>
    </datafield>
    <datafield tag="260" ind1=" " ind2=" ">
      <subfield code="a">Buenos Aires</subfield>
      <subfield code="b"> : Biblos</subfield>
      <subfield code="c"> , 2013</subfield>
    </datafield>
    <datafield tag="942" ind1=" " ind2=" ">
      <subfield code="c">BK</subfield>
    </datafield>
    <datafield tag="952" ind1=" " ind2=" ">
      <subfield code="a">BIB_UASJ</subfield>
      <subfield code="b">BIB_UASJ</subfield>
      <subfield code="d">2014-11-13</subfield>
      <subfield code="y">BK</subfield>
      <subfield code="p">04-47004</subfield>
    </datafield>
    <datafield tag="952" ind1=" " ind2=" ">
      <subfield code="a">SAT_PBNA</subfield>
      <subfield code="b">SAT_PBNA</subfield>
      <subfield code="d">2014-11-11</subfield>
      <subfield code="y">BK</subfield>
      <subfield code="p">11-46966</subfield>
    </datafield>
    <datafield tag="952" ind1=" " ind2=" ">
      <subfield code="a">SAT_GREG</subfield>
      <subfield code="b">SAT_GREG</subfield>
      <subfield code="d">2014-11-11</subfield>
      <subfield code="y">BK</subfield>
      <subfield code="p">18-46969</subfield>
    </datafield>
  </record>