
  <record>
    <leader>01000aam  22002601a 4500</leader>
    <controlfield tag="001">YPZ99284</controlfield>
    <controlfield tag="003">YPZ</controlfield>
    <controlfield tag="005">201411261248120</controlfield>
    <controlfield tag="008">141126|###########||||||b||||||||||spa|d</controlfield>
    <datafield tag="020" ind1=" " ind2=" ">
      <subfield code="a">9789701513125</subfield>
    </datafield>
    <datafield tag="040" ind1=" " ind2=" ">
      <subfield code="c">SIUNPA</subfield>
    </datafield>
    <datafield tag="041" ind1=" " ind2=" ">
      <subfield code="a">spa</subfield>
    </datafield>
    <datafield tag="044" ind1=" " ind2=" ">
      <subfield code="a">MX</subfield>
    </datafield>
    <datafield tag="082" ind1=" " ind2=" ">
      <subfield code="a">621.313 P972m</subfield>
    </datafield>
    <datafield tag="100" ind1=" " ind2=" ">
      <subfield code="a">Ponce Cruz, Pedro.</subfield>
    </datafield>
    <datafield tag="700" ind1=" " ind2=" ">
      <subfield code="a">Sampé López, Javier.</subfield>
    </datafield>
    <datafield tag="245" ind1=" " ind2=" ">
      <subfield code="a">Máquinas eléctricas y técnicas modernas de control</subfield>
    </datafield>
    <datafield tag="250" ind1=" " ind2=" ">
      <subfield code="a">1a ed.</subfield>
    </datafield>
    <datafield tag="260" ind1=" " ind2=" ">
      <subfield code="a">México, D.F.</subfield>
      <subfield code="b"> : Alfaomega</subfield>
      <subfield code="c"> , 2008</subfield>
    </datafield>
    <datafield tag="300" ind1=" " ind2=" ">
      <subfield code="a">94 p. : </subfield>
      <subfield code="b">il. ; </subfield>
      <subfield code="a">141 p. : </subfield>
      <subfield code="b">il. ; </subfield>
      <subfield code="a">190 p. : </subfield>
      <subfield code="a">186 p. : </subfield>
      <subfield code="a">vii, 151 p. : </subfield>
      <subfield code="b">il. ; </subfield>
      <subfield code="a">191 p. : </subfield>
      <subfield code="b">il. ; </subfield>
      <subfield code="a">xliv, 993 p. : </subfield>
      <subfield code="a">202 p. : </subfield>
      <subfield code="a">149 p. : </subfield>
      <subfield code="b">il. ; </subfield>
      <subfield code="a">411 p. : </subfield>
      <subfield code="a">218 p. : </subfield>
      <subfield code="a">153 p. : </subfield>
      <subfield code="a">221 p. : </subfield>
      <subfield code="a">267 p. : </subfield>
      <subfield code="b">il. ; </subfield>
      <subfield code="a">350 p. : </subfield>
      <subfield code="b">il. ; </subfield>
      <subfield code="a">xi, 480 p. : </subfield>
      <subfield code="b">il. ; </subfield>
      <subfield code="a">x, 282 p. : </subfield>
      <subfield code="b">il. ; </subfield>
      <subfield code="e">1 CD-ROM en bolsillo</subfield>
    </datafield>
    <datafield tag="440" ind1=" " ind2=" ">
      <subfield code="a">Colección 3B</subfield>
      <subfield code="v">1312</subfield>
    </datafield>
    <datafield tag="490" ind1=" " ind2=" ">
      <subfield code="a">Colección 3B</subfield>
      <subfield code="v">1312</subfield>
    </datafield>
    <datafield tag="500" ind1=" " ind2=" ">
      <subfield code="a">Sitio web complementario: www.alfaomega.com.mx</subfield>
    </datafield>
    <datafield tag="942" ind1=" " ind2=" ">
      <subfield code="c">BK</subfield>
    </datafield>
    <datafield tag="952" ind1=" " ind2=" ">
      <subfield code="a">BIB_UACO</subfield>
      <subfield code="b">BIB_UACO</subfield>
      <subfield code="d">2014-11-26</subfield>
      <subfield code="y">BK</subfield>
      <subfield code="p">02-47015</subfield>
    </datafield>
  </record>