
  <record>
    <leader>01000aam  22002601a 4500</leader>
    <controlfield tag="001">YPZ99322</controlfield>
    <controlfield tag="003">YPZ</controlfield>
    <controlfield tag="005">201412051358490</controlfield>
    <controlfield tag="008">141205|###########||||||b||||||||||spa|d</controlfield>
    <datafield tag="020" ind1=" " ind2=" ">
      <subfield code="a">9507311009</subfield>
    </datafield>
    <datafield tag="040" ind1=" " ind2=" ">
      <subfield code="c">SIUNPA</subfield>
    </datafield>
    <datafield tag="041" ind1=" " ind2=" ">
      <subfield code="a">spa</subfield>
    </datafield>
    <datafield tag="044" ind1=" " ind2=" ">
      <subfield code="a">AR</subfield>
    </datafield>
    <datafield tag="082" ind1=" " ind2=" ">
      <subfield code="a">821.134.2(82) P631n</subfield>
    </datafield>
    <datafield tag="100" ind1=" " ind2=" ">
      <subfield code="a">Piglia, Ricardo.</subfield>
    </datafield>
    <datafield tag="245" ind1=" " ind2=" ">
      <subfield code="a">Nombre falso</subfield>
    </datafield>
    <datafield tag="250" ind1=" " ind2=" ">
      <subfield code="a">1a ed.</subfield>
    </datafield>
    <datafield tag="260" ind1=" " ind2=" ">
      <subfield code="a">Buenos Aires</subfield>
      <subfield code="b"> : Seix Barral</subfield>
      <subfield code="c"> , 1994</subfield>
    </datafield>
    <datafield tag="505" ind1="0" ind2="0">
      <subfield code="g">p. 11-35</subfield>
      <subfield code="g">- LITERATURA ARGENTINA|- NOVELA</subfield>
      <subfield code="r">Piglia, Ricardo</subfield>
      <subfield code="t">El fin del viaje</subfield>
    </datafield>
    <datafield tag="505" ind1="0" ind2="0">
      <subfield code="g">p. 37-49</subfield>
      <subfield code="g">- LITERATURA ARGENTINA|- NOVELA</subfield>
      <subfield code="r">Piglia, Ricardo</subfield>
      <subfield code="t">El laucha Benítez cantaba boleros</subfield>
    </datafield>
    <datafield tag="505" ind1="0" ind2="0">
      <subfield code="g">p. 51-61</subfield>
      <subfield code="g">- LITERATURA ARGENTINA|- NOVELA</subfield>
      <subfield code="r">Piglia, Ricardo</subfield>
      <subfield code="t">La caja de vidrio</subfield>
    </datafield>
    <datafield tag="505" ind1="0" ind2="0">
      <subfield code="g">p. 63-85</subfield>
      <subfield code="g">- LITERATURA ARGENTINA|- NOVELA</subfield>
      <subfield code="r">Piglia, Ricardo</subfield>
      <subfield code="t">La loca y el relato del crímen</subfield>
    </datafield>
    <datafield tag="773" ind1="0" ind2="#">
      <subfield code="a">Piglia, Ricardo</subfield>
      <subfield code="g">- LITERATURA ARGENTINA|- NOVELA</subfield>
      <subfield code="h">p. 11-35</subfield>
      <subfield code="t">El fin del viaje</subfield>
    </datafield>
    <datafield tag="773" ind1="0" ind2="#">
      <subfield code="a">Piglia, Ricardo</subfield>
      <subfield code="g">- LITERATURA ARGENTINA|- NOVELA</subfield>
      <subfield code="h">p. 37-49</subfield>
      <subfield code="t">El laucha Benítez cantaba boleros</subfield>
    </datafield>
    <datafield tag="773" ind1="0" ind2="#">
      <subfield code="a">Piglia, Ricardo</subfield>
      <subfield code="g">- LITERATURA ARGENTINA|- NOVELA</subfield>
      <subfield code="h">p. 51-61</subfield>
      <subfield code="t">La caja de vidrio</subfield>
    </datafield>
    <datafield tag="773" ind1="0" ind2="#">
      <subfield code="a">Piglia, Ricardo</subfield>
      <subfield code="g">- LITERATURA ARGENTINA|- NOVELA</subfield>
      <subfield code="h">p. 63-85</subfield>
      <subfield code="t">La loca y el relato del crímen</subfield>
    </datafield>
    <datafield tag="942" ind1=" " ind2=" ">
      <subfield code="c">BK</subfield>
    </datafield>
    <datafield tag="952" ind1=" " ind2=" ">
      <subfield code="a">BIB_UARG</subfield>
      <subfield code="b">BIB_UARG</subfield>
      <subfield code="d">2014-11-03</subfield>
      <subfield code="y">BK</subfield>
      <subfield code="p">05-12936</subfield>
    </datafield>
  </record>