
  <record>
    <leader>01000aam  22002601a 4500</leader>
    <controlfield tag="001">YPZ99329</controlfield>
    <controlfield tag="003">YPZ</controlfield>
    <controlfield tag="005">201412111129430</controlfield>
    <controlfield tag="008">141211|###########||||||b||||||||||spa|d</controlfield>
    <datafield tag="040" ind1=" " ind2=" ">
      <subfield code="c">SIUNPA</subfield>
    </datafield>
    <datafield tag="041" ind1=" " ind2=" ">
      <subfield code="a">spa</subfield>
      <subfield code="a">lat</subfield>
    </datafield>
    <datafield tag="044" ind1=" " ind2=" ">
      <subfield code="a">AR</subfield>
    </datafield>
    <datafield tag="082" ind1=" " ind2=" ">
      <subfield code="a">811.124 M519c</subfield>
    </datafield>
    <datafield tag="100" ind1=" " ind2=" ">
      <subfield code="a">Melella, Osvaldo F..</subfield>
    </datafield>
    <datafield tag="245" ind1=" " ind2=" ">
      <subfield code="a">Curso de latín</subfield>
    </datafield>
    <datafield tag="260" ind1=" " ind2=" ">
      <subfield code="a">Rosario</subfield>
      <subfield code="b"> : Facultad de Filosofía, Universidad Nacional de Rosario</subfield>
      <subfield code="c"> , 1972</subfield>
    </datafield>
    <datafield tag="300" ind1=" " ind2=" ">
      <subfield code="a">454 p. : </subfield>
      <subfield code="b">il. ; </subfield>
      <subfield code="a">xiv, 450 p. : </subfield>
      <subfield code="b">il. ; </subfield>
      <subfield code="a">206 p. : </subfield>
      <subfield code="a">283 p. : </subfield>
      <subfield code="a">95 p. : </subfield>
      <subfield code="a">333 p. : </subfield>
      <subfield code="a">170 p. : </subfield>
      <subfield code="a">237 p. : </subfield>
      <subfield code="a">2 v. : </subfield>
      <subfield code="a">250 p. : </subfield>
      <subfield code="a">311 p. : </subfield>
      <subfield code="a">217 p. : </subfield>
      <subfield code="a">589 p. : </subfield>
      <subfield code="a">574 p. : </subfield>
      <subfield code="a">473 p. : </subfield>
      <subfield code="a">117 p. : </subfield>
      <subfield code="a">290 p. : </subfield>
      <subfield code="a">220 p. : </subfield>
      <subfield code="a">59 p. : </subfield>
      <subfield code="a">253 p. : </subfield>
      <subfield code="a">128 p., 5 h. plegs. de láms. : </subfield>
      <subfield code="b">il. ; </subfield>
      <subfield code="a">279 p. : </subfield>
      <subfield code="a">v. : </subfield>
      <subfield code="a">205 p. : </subfield>
      <subfield code="b">il. ; </subfield>
      <subfield code="a">296 p. : </subfield>
      <subfield code="a">185 p. : </subfield>
      <subfield code="a">246 p. : </subfield>
      <subfield code="b">il. ; </subfield>
      <subfield code="a">183 p. : </subfield>
      <subfield code="a">115 p. : </subfield>
      <subfield code="a">690 p. : </subfield>
      <subfield code="a">261 p. : </subfield>
      <subfield code="a">252 p. : </subfield>
      <subfield code="a">315  p. : </subfield>
      <subfield code="b">il. ; </subfield>
      <subfield code="a">358 p. : </subfield>
      <subfield code="a">107 p. : </subfield>
      <subfield code="a">98 p. : </subfield>
      <subfield code="a">164 p. : </subfield>
      <subfield code="a">153 p. : </subfield>
      <subfield code="a">213 p. : </subfield>
      <subfield code="a">168 p. : </subfield>
      <subfield code="a">149 p. : </subfield>
      <subfield code="a">204 p. : </subfield>
      <subfield code="a">255 p. : </subfield>
      <subfield code="b">il. ; </subfield>
      <subfield code="a">86 p. : </subfield>
      <subfield code="b">il. ; </subfield>
      <subfield code="a">283 p. : </subfield>
      <subfield code="b">il. ; </subfield>
      <subfield code="e">2 folletos</subfield>
    </datafield>
    <datafield tag="942" ind1=" " ind2=" ">
      <subfield code="c">BK</subfield>
    </datafield>
    <datafield tag="952" ind1=" " ind2=" ">
      <subfield code="a">BIB_UARG</subfield>
      <subfield code="b">BIB_UARG</subfield>
      <subfield code="d">2014-12-11</subfield>
      <subfield code="y">BK</subfield>
      <subfield code="p">05-04447</subfield>
    </datafield>
    <datafield tag="952" ind1=" " ind2=" ">
      <subfield code="a">BIB_UARG</subfield>
      <subfield code="b">BIB_UARG</subfield>
      <subfield code="d">2014-12-11</subfield>
      <subfield code="y">BK</subfield>
      <subfield code="p">05-04448</subfield>
    </datafield>
    <datafield tag="952" ind1=" " ind2=" ">
      <subfield code="a">BIB_UARG</subfield>
      <subfield code="b">BIB_UARG</subfield>
      <subfield code="d">2014-12-11</subfield>
      <subfield code="y">BK</subfield>
      <subfield code="p">05-04449</subfield>
    </datafield>
    <datafield tag="952" ind1=" " ind2=" ">
      <subfield code="a">BIB_UARG</subfield>
      <subfield code="b">BIB_UARG</subfield>
      <subfield code="d">2014-12-11</subfield>
      <subfield code="y">BK</subfield>
      <subfield code="p">05-07392</subfield>
    </datafield>
    <datafield tag="952" ind1=" " ind2=" ">
      <subfield code="a">BIB_UARG</subfield>
      <subfield code="b">BIB_UARG</subfield>
      <subfield code="d">2014-12-11</subfield>
      <subfield code="y">BK</subfield>
      <subfield code="p">05-17118</subfield>
    </datafield>
  </record>