
  <record>
    <leader>01000aam  22002601a 4500</leader>
    <controlfield tag="001">YPZ99339</controlfield>
    <controlfield tag="003">YPZ</controlfield>
    <controlfield tag="005">201502100922500</controlfield>
    <controlfield tag="008">150210|###########||||||b||||||||||spa|d</controlfield>
    <datafield tag="040" ind1=" " ind2=" ">
      <subfield code="c">SIUNPA</subfield>
    </datafield>
    <datafield tag="041" ind1=" " ind2=" ">
      <subfield code="a">spa</subfield>
    </datafield>
    <datafield tag="044" ind1=" " ind2=" ">
      <subfield code="a">AR</subfield>
    </datafield>
    <datafield tag="082" ind1=" " ind2=" ">
      <subfield code="a">821.134.2(82) P346c</subfield>
    </datafield>
    <datafield tag="100" ind1=" " ind2=" ">
      <subfield code="a">Payró, Roberto Jorge.</subfield>
    </datafield>
    <datafield tag="245" ind1=" " ind2=" ">
      <subfield code="a">El casamiento de Laucha</subfield>
    </datafield>
    <datafield tag="250" ind1=" " ind2=" ">
      <subfield code="a">5a ed.</subfield>
    </datafield>
    <datafield tag="260" ind1=" " ind2=" ">
      <subfield code="a">Buenos Aires</subfield>
      <subfield code="b"> : Losada</subfield>
      <subfield code="c"> , 1961</subfield>
    </datafield>
    <datafield tag="440" ind1=" " ind2=" ">
      <subfield code="a">Biblioteca clásica y contemporánea</subfield>
      <subfield code="v">74</subfield>
    </datafield>
    <datafield tag="490" ind1=" " ind2=" ">
      <subfield code="a">Biblioteca clásica y contemporánea</subfield>
      <subfield code="v">74</subfield>
    </datafield>
    <datafield tag="505" ind1="0" ind2="0">
      <subfield code="g">p. 51-85</subfield>
      <subfield code="g">- LITERATURA ARGENTINA|- NOVELA</subfield>
      <subfield code="r">Payró, Roberto J.</subfield>
      <subfield code="t">Chamijo</subfield>
    </datafield>
    <datafield tag="505" ind1="0" ind2="0">
      <subfield code="g">p. 87-168</subfield>
      <subfield code="g">- LITERATURA ARGENTINA|- NOVELA</subfield>
      <subfield code="r">Payró, Roberto J.</subfield>
      <subfield code="t">El falso Inca</subfield>
    </datafield>
    <datafield tag="773" ind1="0" ind2="#">
      <subfield code="a">Payró, Roberto J.</subfield>
      <subfield code="g">- LITERATURA ARGENTINA|- NOVELA</subfield>
      <subfield code="h">p. 51-85</subfield>
      <subfield code="t">Chamijo</subfield>
    </datafield>
    <datafield tag="773" ind1="0" ind2="#">
      <subfield code="a">Payró, Roberto J.</subfield>
      <subfield code="g">- LITERATURA ARGENTINA|- NOVELA</subfield>
      <subfield code="h">p. 87-168</subfield>
      <subfield code="t">El falso Inca</subfield>
    </datafield>
    <datafield tag="942" ind1=" " ind2=" ">
      <subfield code="c">BK</subfield>
    </datafield>
    <datafield tag="952" ind1=" " ind2=" ">
      <subfield code="a">BIB_UARG</subfield>
      <subfield code="b">BIB_UARG</subfield>
      <subfield code="d">2015-02-10</subfield>
      <subfield code="y">BK</subfield>
      <subfield code="p">05-47025</subfield>
    </datafield>
  </record>