
  <record>
    <leader>01000aam  22002601a 4500</leader>
    <controlfield tag="001">YPZ99350</controlfield>
    <controlfield tag="003">YPZ</controlfield>
    <controlfield tag="005">201502111153310</controlfield>
    <controlfield tag="008">150211|###########||||||b||||||||||spa|d</controlfield>
    <datafield tag="040" ind1=" " ind2=" ">
      <subfield code="c">SIUNPA</subfield>
    </datafield>
    <datafield tag="082" ind1=" " ind2=" ">
      <subfield code="a">329(729.1) M378m</subfield>
    </datafield>
    <datafield tag="100" ind1=" " ind2=" ">
      <subfield code="a">Martí, José.</subfield>
    </datafield>
    <datafield tag="245" ind1=" " ind2=" ">
      <subfield code="a">Martí y la primera revolución cubana</subfield>
      <subfield code="c"> / Goldar, Ernesto, antología y pról.</subfield>
    </datafield>
    <datafield tag="260" ind1=" " ind2=" ">
      <subfield code="a">Buenos Aires</subfield>
      <subfield code="b"> : Centro Editor de América Latina</subfield>
      <subfield code="c"> , 1971</subfield>
    </datafield>
    <datafield tag="440" ind1=" " ind2=" ">
      <subfield code="a">Novelistas argentinos contemporáneos</subfield>
      <subfield code="a">Biblioteca fundamental del hombre moderno</subfield>
      <subfield code="v">29</subfield>
    </datafield>
    <datafield tag="490" ind1=" " ind2=" ">
      <subfield code="a">Novelistas argentinos contemporáneos</subfield>
      <subfield code="a">Biblioteca fundamental del hombre moderno</subfield>
      <subfield code="v">29</subfield>
    </datafield>
    <datafield tag="942" ind1=" " ind2=" ">
      <subfield code="c">BK</subfield>
    </datafield>
    <datafield tag="952" ind1=" " ind2=" ">
      <subfield code="a">BIB_UARG</subfield>
      <subfield code="b">BIB_UARG</subfield>
      <subfield code="d">2015-02-11</subfield>
      <subfield code="y">BK</subfield>
      <subfield code="p">05-47042</subfield>
    </datafield>
  </record>