
  <record>
    <leader>01000aam  22002601a 4500</leader>
    <controlfield tag="001">YPZ99401</controlfield>
    <controlfield tag="003">YPZ</controlfield>
    <controlfield tag="005">201502261511580</controlfield>
    <controlfield tag="008">150226|###########||||||b||||||||||spa|d</controlfield>
    <datafield tag="020" ind1=" " ind2=" ">
      <subfield code="a">9788420633688</subfield>
    </datafield>
    <datafield tag="040" ind1=" " ind2=" ">
      <subfield code="c">SIUNPA</subfield>
    </datafield>
    <datafield tag="041" ind1=" " ind2=" ">
      <subfield code="a">spa</subfield>
    </datafield>
    <datafield tag="044" ind1=" " ind2=" ">
      <subfield code="a">AR</subfield>
    </datafield>
    <datafield tag="082" ind1=" " ind2=" ">
      <subfield code="a">821.134.2(82) B732i</subfield>
    </datafield>
    <datafield tag="100" ind1=" " ind2=" ">
      <subfield code="a">Borges, Jorge Luis.</subfield>
    </datafield>
    <datafield tag="245" ind1=" " ind2=" ">
      <subfield code="a">El idioma de los argentinos</subfield>
    </datafield>
    <datafield tag="250" ind1=" " ind2=" ">
      <subfield code="a">1a ed., 5a reimpr.</subfield>
    </datafield>
    <datafield tag="260" ind1=" " ind2=" ">
      <subfield code="a">Buenos Aires</subfield>
      <subfield code="b"> : Alianza</subfield>
      <subfield code="c"> , 2008</subfield>
    </datafield>
    <datafield tag="440" ind1=" " ind2=" ">
      <subfield code="a">Encuentros contemporáneos</subfield>
      <subfield code="a">Colección biomedicina</subfield>
      <subfield code="a">Management</subfield>
      <subfield code="a">Colección temas</subfield>
      <subfield code="a">El libro de bolsillo. Biblioteca Borges</subfield>
      <subfield code="v">BA 0018</subfield>
    </datafield>
    <datafield tag="490" ind1=" " ind2=" ">
      <subfield code="a">Encuentros contemporáneos</subfield>
      <subfield code="a">Colección biomedicina</subfield>
      <subfield code="a">Management</subfield>
      <subfield code="a">Colección temas</subfield>
      <subfield code="a">El libro de bolsillo. Biblioteca Borges</subfield>
      <subfield code="v">BA 0018</subfield>
    </datafield>
    <datafield tag="942" ind1=" " ind2=" ">
      <subfield code="c">BK</subfield>
    </datafield>
    <datafield tag="952" ind1=" " ind2=" ">
      <subfield code="a">BIB_UARG</subfield>
      <subfield code="b">BIB_UARG</subfield>
      <subfield code="d">2015-02-26</subfield>
      <subfield code="y">BK</subfield>
      <subfield code="p">05-47112</subfield>
    </datafield>
  </record>