
  <record>
    <leader>01000aam  22002601a 4500</leader>
    <controlfield tag="001">YPZ99408</controlfield>
    <controlfield tag="003">YPZ</controlfield>
    <controlfield tag="005">201502270954150</controlfield>
    <controlfield tag="008">150227|###########||||||b||||||||||spa|d</controlfield>
    <datafield tag="020" ind1=" " ind2=" ">
      <subfield code="a">8426713645</subfield>
    </datafield>
    <datafield tag="040" ind1=" " ind2=" ">
      <subfield code="c">SIUNPA</subfield>
    </datafield>
    <datafield tag="041" ind1=" " ind2=" ">
      <subfield code="a">spa</subfield>
    </datafield>
    <datafield tag="044" ind1=" " ind2=" ">
      <subfield code="a">ES</subfield>
    </datafield>
    <datafield tag="082" ind1=" " ind2=" ">
      <subfield code="a">536.24 M357c</subfield>
    </datafield>
    <datafield tag="100" ind1=" " ind2=" ">
      <subfield code="a">Márquez Martínez, Manuel.</subfield>
    </datafield>
    <datafield tag="245" ind1=" " ind2=" ">
      <subfield code="a">Combustión y quemadores</subfield>
    </datafield>
    <datafield tag="260" ind1=" " ind2=" ">
      <subfield code="a">[Barcelona]</subfield>
      <subfield code="b"> : Marcombo</subfield>
      <subfield code="c"> , 2005</subfield>
    </datafield>
    <datafield tag="440" ind1=" " ind2=" ">
      <subfield code="a">Biblioteca de clásicos griegos y latinos</subfield>
      <subfield code="a">Biblioteca esencial</subfield>
      <subfield code="a">Nueva carrera docente. Serie el abecé de...</subfield>
      <subfield code="a">Novaprodúctica</subfield>
      <subfield code="v">no. 1</subfield>
    </datafield>
    <datafield tag="490" ind1=" " ind2=" ">
      <subfield code="a">Biblioteca de clásicos griegos y latinos</subfield>
      <subfield code="a">Biblioteca esencial</subfield>
      <subfield code="a">Nueva carrera docente. Serie el abecé de...</subfield>
      <subfield code="a">Novaprodúctica</subfield>
      <subfield code="v">no. 1</subfield>
    </datafield>
    <datafield tag="500" ind1=" " ind2=" ">
      <subfield code="a">En cub.: Combustibles industriales, mecánica de fluidos aplicada a la instalaciones de combustión, quemadores, industriales de gas, para combustibles líquidos y sólidos. Control de la combustión y controles de seguridad, transmisión de calor, aplicaciones especiales de la combustión: en el secado; postcombustión e incineración de residuos; combustión sumergida; combustión a presión; generación de energía eléctrica; cálculos energéticos; pilas de combustibles</subfield>
    </datafield>
    <datafield tag="942" ind1=" " ind2=" ">
      <subfield code="c">BK</subfield>
    </datafield>
    <datafield tag="952" ind1=" " ind2=" ">
      <subfield code="a">BIB_UARG</subfield>
      <subfield code="b">BIB_UARG</subfield>
      <subfield code="d">2015-02-27</subfield>
      <subfield code="y">BK</subfield>
      <subfield code="p">03-47115</subfield>
    </datafield>
  </record>