
  <record>
    <leader>01000aam  22002601a 4500</leader>
    <controlfield tag="001">YPZ99424</controlfield>
    <controlfield tag="003">YPZ</controlfield>
    <controlfield tag="005">201503040913450</controlfield>
    <controlfield tag="008">150304|###########||||||b||||||||||spa|d</controlfield>
    <datafield tag="020" ind1=" " ind2=" ">
      <subfield code="a">9213218273</subfield>
    </datafield>
    <datafield tag="040" ind1=" " ind2=" ">
      <subfield code="c">SIUNPA</subfield>
    </datafield>
    <datafield tag="041" ind1=" " ind2=" ">
      <subfield code="a">spa</subfield>
    </datafield>
    <datafield tag="044" ind1=" " ind2=" ">
      <subfield code="a">CL</subfield>
    </datafield>
    <datafield tag="082" ind1=" " ind2=" ">
      <subfield code="a">338.45 A641ap</subfield>
    </datafield>
    <datafield tag="245" ind1=" " ind2=" ">
      <subfield code="a">Apertura económica y (des)encadenamientos productivos</subfield>
      <subfield code="c"> / Dirven, Martine, coordinador</subfield>
    </datafield>
    <datafield tag="260" ind1=" " ind2=" ">
      <subfield code="a">Santiago de Chile</subfield>
      <subfield code="b"> : Comisión Económica para América Latina, CEPAL</subfield>
      <subfield code="c"> , 2001</subfield>
    </datafield>
    <datafield tag="440" ind1=" " ind2=" ">
      <subfield code="a">La otra orilla</subfield>
      <subfield code="a">Biblioteca breve</subfield>
      <subfield code="a">Colección Austral</subfield>
      <subfield code="a">Biblioteca básica salvat de libros RTV</subfield>
      <subfield code="a">Libros de la CEPAL</subfield>
      <subfield code="v">61</subfield>
    </datafield>
    <datafield tag="490" ind1=" " ind2=" ">
      <subfield code="a">La otra orilla</subfield>
      <subfield code="a">Biblioteca breve</subfield>
      <subfield code="a">Colección Austral</subfield>
      <subfield code="a">Biblioteca básica salvat de libros RTV</subfield>
      <subfield code="a">Libros de la CEPAL</subfield>
      <subfield code="v">61</subfield>
    </datafield>
    <datafield tag="500" ind1=" " ind2=" ">
      <subfield code="a">En cub.: Reflexiones sobre el complejo lácteo en América Latina</subfield>
    </datafield>
    <datafield tag="942" ind1=" " ind2=" ">
      <subfield code="c">BK</subfield>
    </datafield>
    <datafield tag="952" ind1=" " ind2=" ">
      <subfield code="a">BIB_UARG</subfield>
      <subfield code="b">BIB_UARG</subfield>
      <subfield code="d">2015-03-04</subfield>
      <subfield code="y">BK</subfield>
      <subfield code="p">05-16841</subfield>
    </datafield>
  </record>