
  <record>
    <leader>01000aam  22002601a 4500</leader>
    <controlfield tag="001">YPZ99429</controlfield>
    <controlfield tag="003">YPZ</controlfield>
    <controlfield tag="005">201503041346020</controlfield>
    <controlfield tag="008">150304|###########||||||b||||||||||spa|d</controlfield>
    <datafield tag="020" ind1=" " ind2=" ">
      <subfield code="a">9505154089</subfield>
    </datafield>
    <datafield tag="040" ind1=" " ind2=" ">
      <subfield code="c">SIUNPA</subfield>
    </datafield>
    <datafield tag="041" ind1=" " ind2=" ">
      <subfield code="a">spa</subfield>
    </datafield>
    <datafield tag="044" ind1=" " ind2=" ">
      <subfield code="a">AR</subfield>
    </datafield>
    <datafield tag="082" ind1=" " ind2=" ">
      <subfield code="a">821.134.2(82) G188t</subfield>
    </datafield>
    <datafield tag="100" ind1=" " ind2=" ">
      <subfield code="a">Gambaro, Griselda.</subfield>
    </datafield>
    <datafield tag="245" ind1=" " ind2=" ">
      <subfield code="a">Teatro 3</subfield>
    </datafield>
    <datafield tag="250" ind1=" " ind2=" ">
      <subfield code="a">4a ed.</subfield>
    </datafield>
    <datafield tag="260" ind1=" " ind2=" ">
      <subfield code="a">Buenos Aires</subfield>
      <subfield code="b"> : Ediciones de la Flor</subfield>
      <subfield code="c"> , 2001</subfield>
    </datafield>
    <datafield tag="505" ind1="0" ind2="0">
      <subfield code="g">p. 7-36</subfield>
      <subfield code="g">- LITERATURA ARGENTINA|- TEATRO</subfield>
      <subfield code="r">Gambaro, Griselda</subfield>
      <subfield code="t">Viaje de invierno</subfield>
    </datafield>
    <datafield tag="505" ind1="0" ind2="0">
      <subfield code="g">p. 87-116</subfield>
      <subfield code="g">- LITERATURA ARGENTINA|- TEATRO</subfield>
      <subfield code="r">Gambaro, Griselda</subfield>
      <subfield code="t">Sólo un aspecto</subfield>
    </datafield>
    <datafield tag="505" ind1="0" ind2="0">
      <subfield code="g">p. 117- 132</subfield>
      <subfield code="g">- LITERATURA ARGENTINA|- TEATRO</subfield>
      <subfield code="r">Gambaro, Griselda</subfield>
      <subfield code="t">La gracia</subfield>
    </datafield>
    <datafield tag="505" ind1="0" ind2="0">
      <subfield code="g">p. 133-152</subfield>
      <subfield code="g">- LITERATURA ARGENTINA|- TEATRO</subfield>
      <subfield code="r">Gambaro, Griselda</subfield>
      <subfield code="t">El miedo</subfield>
    </datafield>
    <datafield tag="505" ind1="0" ind2="0">
      <subfield code="g">p. 183-194</subfield>
      <subfield code="g">- LITERATURA ARGENTINA|- TEATRO</subfield>
      <subfield code="r">Gambaro, Griselda</subfield>
      <subfield code="t">Decir sí</subfield>
    </datafield>
    <datafield tag="505" ind1="0" ind2="0">
      <subfield code="g">p. 195-217</subfield>
      <subfield code="g">- LITERATURA ARGENTINA|- TEATRO</subfield>
      <subfield code="r">Gambaro, Griselda</subfield>
      <subfield code="t">Antígona furiosa</subfield>
    </datafield>
    <datafield tag="773" ind1="0" ind2="#">
      <subfield code="a">Gambaro, Griselda</subfield>
      <subfield code="g">- LITERATURA ARGENTINA|- TEATRO</subfield>
      <subfield code="h">p. 7-36</subfield>
      <subfield code="t">Viaje de invierno</subfield>
    </datafield>
    <datafield tag="773" ind1="0" ind2="#">
      <subfield code="a">Gambaro, Griselda</subfield>
      <subfield code="g">- LITERATURA ARGENTINA|- TEATRO</subfield>
      <subfield code="h">p. 87-116</subfield>
      <subfield code="t">Sólo un aspecto</subfield>
    </datafield>
    <datafield tag="773" ind1="0" ind2="#">
      <subfield code="a">Gambaro, Griselda</subfield>
      <subfield code="g">- LITERATURA ARGENTINA|- TEATRO</subfield>
      <subfield code="h">p. 117- 132</subfield>
      <subfield code="t">La gracia</subfield>
    </datafield>
    <datafield tag="773" ind1="0" ind2="#">
      <subfield code="a">Gambaro, Griselda</subfield>
      <subfield code="g">- LITERATURA ARGENTINA|- TEATRO</subfield>
      <subfield code="h">p. 133-152</subfield>
      <subfield code="t">El miedo</subfield>
    </datafield>
    <datafield tag="773" ind1="0" ind2="#">
      <subfield code="a">Gambaro, Griselda</subfield>
      <subfield code="g">- LITERATURA ARGENTINA|- TEATRO</subfield>
      <subfield code="h">p. 183-194</subfield>
      <subfield code="t">Decir sí</subfield>
    </datafield>
    <datafield tag="773" ind1="0" ind2="#">
      <subfield code="a">Gambaro, Griselda</subfield>
      <subfield code="g">- LITERATURA ARGENTINA|- TEATRO</subfield>
      <subfield code="h">p. 195-217</subfield>
      <subfield code="t">Antígona furiosa</subfield>
    </datafield>
    <datafield tag="942" ind1=" " ind2=" ">
      <subfield code="c">BK</subfield>
    </datafield>
    <datafield tag="952" ind1=" " ind2=" ">
      <subfield code="a">BIB_UARG</subfield>
      <subfield code="b">BIB_UARG</subfield>
      <subfield code="d">2015-03-04</subfield>
      <subfield code="y">BK</subfield>
      <subfield code="p">05-16803</subfield>
    </datafield>
  </record>