
  <record>
    <leader>01000aam  22002601a 4500</leader>
    <controlfield tag="001">YPZ99442</controlfield>
    <controlfield tag="003">YPZ</controlfield>
    <controlfield tag="005">201503050910210</controlfield>
    <controlfield tag="008">150305|###########||||||b||||||||||spa|d</controlfield>
    <datafield tag="020" ind1=" " ind2=" ">
      <subfield code="a">9505154100</subfield>
    </datafield>
    <datafield tag="040" ind1=" " ind2=" ">
      <subfield code="c">SIUNPA</subfield>
    </datafield>
    <datafield tag="041" ind1=" " ind2=" ">
      <subfield code="a">spa</subfield>
    </datafield>
    <datafield tag="044" ind1=" " ind2=" ">
      <subfield code="a">AR</subfield>
    </datafield>
    <datafield tag="082" ind1=" " ind2=" ">
      <subfield code="a">821.134.2(82) G188t</subfield>
    </datafield>
    <datafield tag="100" ind1=" " ind2=" ">
      <subfield code="a">Gambaro, Griselda.</subfield>
    </datafield>
    <datafield tag="245" ind1=" " ind2=" ">
      <subfield code="a">Teatro 4</subfield>
    </datafield>
    <datafield tag="250" ind1=" " ind2=" ">
      <subfield code="a">3a ed.</subfield>
    </datafield>
    <datafield tag="260" ind1=" " ind2=" ">
      <subfield code="a">Buenos Aires</subfield>
      <subfield code="b"> : Ediciones de la Flor</subfield>
      <subfield code="c"> , 2000</subfield>
    </datafield>
    <datafield tag="500" ind1=" " ind2=" ">
      <subfield code="a">Contenido: Las paredes -- El desatino -- Los siameses -- El campo -- Nada que ver</subfield>
    </datafield>
    <datafield tag="505" ind1="0" ind2="0">
      <subfield code="g">p. 7-58</subfield>
      <subfield code="g">- LITERATURA ARGENTINA|- TEATRO</subfield>
      <subfield code="r">Gambaro, Griselda</subfield>
      <subfield code="t">Las paredes</subfield>
    </datafield>
    <datafield tag="505" ind1="0" ind2="0">
      <subfield code="g">p. 59-106</subfield>
      <subfield code="g">- LITERATURA ARGENTINA|- TEATRO</subfield>
      <subfield code="r">Gambaro, Griselda</subfield>
      <subfield code="t">El desatino</subfield>
    </datafield>
    <datafield tag="505" ind1="0" ind2="0">
      <subfield code="g">p. 107-156</subfield>
      <subfield code="g">- LITERATURA ARGENTINA|- TEATRO</subfield>
      <subfield code="r">Gambaro, Griselda</subfield>
      <subfield code="t">Los siameses</subfield>
    </datafield>
    <datafield tag="505" ind1="0" ind2="0">
      <subfield code="g">p. 156-214</subfield>
      <subfield code="g">- LITERATURA ARGENTINA|- TEATRO</subfield>
      <subfield code="r">Gambaro, Griselda</subfield>
      <subfield code="t">El campo</subfield>
    </datafield>
    <datafield tag="505" ind1="0" ind2="0">
      <subfield code="g">p. 215-271</subfield>
      <subfield code="g">- LITERATURA ARGENTINA|- TEATRO</subfield>
      <subfield code="r">Gambaro, Griselda</subfield>
      <subfield code="t">Nada que ver</subfield>
    </datafield>
    <datafield tag="773" ind1="0" ind2="#">
      <subfield code="a">Gambaro, Griselda</subfield>
      <subfield code="g">- LITERATURA ARGENTINA|- TEATRO</subfield>
      <subfield code="h">p. 7-58</subfield>
      <subfield code="t">Las paredes</subfield>
    </datafield>
    <datafield tag="773" ind1="0" ind2="#">
      <subfield code="a">Gambaro, Griselda</subfield>
      <subfield code="g">- LITERATURA ARGENTINA|- TEATRO</subfield>
      <subfield code="h">p. 59-106</subfield>
      <subfield code="t">El desatino</subfield>
    </datafield>
    <datafield tag="773" ind1="0" ind2="#">
      <subfield code="a">Gambaro, Griselda</subfield>
      <subfield code="g">- LITERATURA ARGENTINA|- TEATRO</subfield>
      <subfield code="h">p. 107-156</subfield>
      <subfield code="t">Los siameses</subfield>
    </datafield>
    <datafield tag="773" ind1="0" ind2="#">
      <subfield code="a">Gambaro, Griselda</subfield>
      <subfield code="g">- LITERATURA ARGENTINA|- TEATRO</subfield>
      <subfield code="h">p. 156-214</subfield>
      <subfield code="t">El campo</subfield>
    </datafield>
    <datafield tag="773" ind1="0" ind2="#">
      <subfield code="a">Gambaro, Griselda</subfield>
      <subfield code="g">- LITERATURA ARGENTINA|- TEATRO</subfield>
      <subfield code="h">p. 215-271</subfield>
      <subfield code="t">Nada que ver</subfield>
    </datafield>
    <datafield tag="942" ind1=" " ind2=" ">
      <subfield code="c">BK</subfield>
    </datafield>
    <datafield tag="952" ind1=" " ind2=" ">
      <subfield code="a">BIB_UARG</subfield>
      <subfield code="b">BIB_UARG</subfield>
      <subfield code="d">2015-03-05</subfield>
      <subfield code="y">BK</subfield>
      <subfield code="p">05-16800</subfield>
    </datafield>
  </record>