
  <record>
    <leader>01000aam  22002601a 4500</leader>
    <controlfield tag="001">YPZ99457</controlfield>
    <controlfield tag="003">YPZ</controlfield>
    <controlfield tag="005">201503181405230</controlfield>
    <controlfield tag="008">150318|###########||||||b||||||||||spa|d</controlfield>
    <datafield tag="040" ind1=" " ind2=" ">
      <subfield code="c">SIUNPA</subfield>
    </datafield>
    <datafield tag="041" ind1=" " ind2=" ">
      <subfield code="a">spa</subfield>
    </datafield>
    <datafield tag="044" ind1=" " ind2=" ">
      <subfield code="a">EU</subfield>
    </datafield>
    <datafield tag="082" ind1=" " ind2=" ">
      <subfield code="a">R82(031) T337t</subfield>
    </datafield>
    <datafield tag="245" ind1=" " ind2=" ">
      <subfield code="a">El tesoro de la juventud, ó, enciclopedia de conocimientos</subfield>
      <subfield code="c"> / Zeballos, Estanislao Severo, colaborador ; Edwards, Alberto, colaborador ; , colaborador ; Pérez, Abel J., colaborador ; Clark y Mascaró, Ismael, colaborador ; Rodó, José Enrique, colaborador ; Holmberg, Adolfo D., colaborador ; Urbina, Louis G., colaborador ; Fuentes Castro, Paulino, colaborador</subfield>
    </datafield>
    <datafield tag="260" ind1=" " ind2=" ">
      <subfield code="a">Boston, Mass.</subfield>
      <subfield code="b"> : W.M. Jackson</subfield>
      <subfield code="c"> , [ca. 1920]</subfield>
    </datafield>
    <datafield tag="942" ind1=" " ind2=" ">
      <subfield code="c">BK</subfield>
    </datafield>
    <datafield tag="952" ind1=" " ind2=" ">
      <subfield code="a">BIB_UARG</subfield>
      <subfield code="b">BIB_UARG</subfield>
      <subfield code="d">2015-03-18</subfield>
      <subfield code="y">BK</subfield>
      <subfield code="p">05-47256</subfield>
    </datafield>
    <datafield tag="952" ind1=" " ind2=" ">
      <subfield code="a">BIB_UARG</subfield>
      <subfield code="b">BIB_UARG</subfield>
      <subfield code="d">2015-03-18</subfield>
      <subfield code="y">BK</subfield>
      <subfield code="p">05-47257</subfield>
    </datafield>
    <datafield tag="952" ind1=" " ind2=" ">
      <subfield code="a">BIB_UARG</subfield>
      <subfield code="b">BIB_UARG</subfield>
      <subfield code="d">2015-03-18</subfield>
      <subfield code="y">BK</subfield>
      <subfield code="p">05-47258</subfield>
    </datafield>
    <datafield tag="952" ind1=" " ind2=" ">
      <subfield code="a">BIB_UARG</subfield>
      <subfield code="b">BIB_UARG</subfield>
      <subfield code="d">2015-03-18</subfield>
      <subfield code="y">BK</subfield>
      <subfield code="p">05-47259</subfield>
    </datafield>
    <datafield tag="952" ind1=" " ind2=" ">
      <subfield code="a">BIB_UARG</subfield>
      <subfield code="b">BIB_UARG</subfield>
      <subfield code="d">2015-03-18</subfield>
      <subfield code="y">BK</subfield>
      <subfield code="p">05-47260</subfield>
    </datafield>
    <datafield tag="952" ind1=" " ind2=" ">
      <subfield code="a">BIB_UARG</subfield>
      <subfield code="b">BIB_UARG</subfield>
      <subfield code="d">2015-03-18</subfield>
      <subfield code="y">BK</subfield>
      <subfield code="p">05-47261</subfield>
    </datafield>
    <datafield tag="952" ind1=" " ind2=" ">
      <subfield code="a">BIB_UARG</subfield>
      <subfield code="b">BIB_UARG</subfield>
      <subfield code="d">2015-03-18</subfield>
      <subfield code="y">BK</subfield>
      <subfield code="p">05-47262</subfield>
    </datafield>
    <datafield tag="952" ind1=" " ind2=" ">
      <subfield code="a">BIB_UARG</subfield>
      <subfield code="b">BIB_UARG</subfield>
      <subfield code="d">2015-03-18</subfield>
      <subfield code="y">BK</subfield>
      <subfield code="p">05-47263</subfield>
    </datafield>
    <datafield tag="952" ind1=" " ind2=" ">
      <subfield code="a">BIB_UARG</subfield>
      <subfield code="b">BIB_UARG</subfield>
      <subfield code="d">2015-03-18</subfield>
      <subfield code="y">BK</subfield>
      <subfield code="p">05-47264</subfield>
    </datafield>
    <datafield tag="952" ind1=" " ind2=" ">
      <subfield code="a">BIB_UARG</subfield>
      <subfield code="b">BIB_UARG</subfield>
      <subfield code="d">2015-03-18</subfield>
      <subfield code="y">BK</subfield>
      <subfield code="p">05-47265</subfield>
    </datafield>
    <datafield tag="952" ind1=" " ind2=" ">
      <subfield code="a">BIB_UARG</subfield>
      <subfield code="b">BIB_UARG</subfield>
      <subfield code="d">2015-03-18</subfield>
      <subfield code="y">BK</subfield>
      <subfield code="p">05-47266</subfield>
    </datafield>
    <datafield tag="952" ind1=" " ind2=" ">
      <subfield code="a">BIB_UARG</subfield>
      <subfield code="b">BIB_UARG</subfield>
      <subfield code="d">2015-03-18</subfield>
      <subfield code="y">BK</subfield>
      <subfield code="p">05-47267</subfield>
    </datafield>
    <datafield tag="952" ind1=" " ind2=" ">
      <subfield code="a">BIB_UARG</subfield>
      <subfield code="b">BIB_UARG</subfield>
      <subfield code="d">2015-03-18</subfield>
      <subfield code="y">BK</subfield>
      <subfield code="p">05-47268</subfield>
    </datafield>
    <datafield tag="952" ind1=" " ind2=" ">
      <subfield code="a">BIB_UARG</subfield>
      <subfield code="b">BIB_UARG</subfield>
      <subfield code="d">2015-03-18</subfield>
      <subfield code="y">BK</subfield>
      <subfield code="p">05-47269</subfield>
    </datafield>
    <datafield tag="952" ind1=" " ind2=" ">
      <subfield code="a">BIB_UARG</subfield>
      <subfield code="b">BIB_UARG</subfield>
      <subfield code="d">2015-03-18</subfield>
      <subfield code="y">BK</subfield>
      <subfield code="p">05-47270</subfield>
    </datafield>
    <datafield tag="952" ind1=" " ind2=" ">
      <subfield code="a">BIB_UARG</subfield>
      <subfield code="b">BIB_UARG</subfield>
      <subfield code="d">2015-03-18</subfield>
      <subfield code="y">BK</subfield>
      <subfield code="p">05-47271</subfield>
    </datafield>
    <datafield tag="952" ind1=" " ind2=" ">
      <subfield code="a">BIB_UARG</subfield>
      <subfield code="b">BIB_UARG</subfield>
      <subfield code="d">2015-03-18</subfield>
      <subfield code="y">BK</subfield>
      <subfield code="p">05-47272</subfield>
    </datafield>
    <datafield tag="952" ind1=" " ind2=" ">
      <subfield code="a">BIB_UARG</subfield>
      <subfield code="b">BIB_UARG</subfield>
      <subfield code="d">2015-03-18</subfield>
      <subfield code="y">BK</subfield>
      <subfield code="p">05-47273</subfield>
    </datafield>
    <datafield tag="952" ind1=" " ind2=" ">
      <subfield code="a">BIB_UARG</subfield>
      <subfield code="b">BIB_UARG</subfield>
      <subfield code="d">2015-03-18</subfield>
      <subfield code="y">BK</subfield>
      <subfield code="p">05-47274</subfield>
    </datafield>
    <datafield tag="952" ind1=" " ind2=" ">
      <subfield code="a">BIB_UARG</subfield>
      <subfield code="b">BIB_UARG</subfield>
      <subfield code="d">2015-03-18</subfield>
      <subfield code="y">BK</subfield>
      <subfield code="p">05-47275</subfield>
    </datafield>
  </record>