
  <record>
    <leader>01000aam  22002601a 4500</leader>
    <controlfield tag="001">YPZ99461</controlfield>
    <controlfield tag="003">YPZ</controlfield>
    <controlfield tag="005">201503301555580</controlfield>
    <controlfield tag="008">150330|###########||||||b||||||||||spa|d</controlfield>
    <datafield tag="040" ind1=" " ind2=" ">
      <subfield code="c">SIUNPA</subfield>
    </datafield>
    <datafield tag="041" ind1=" " ind2=" ">
      <subfield code="a">spa</subfield>
    </datafield>
    <datafield tag="044" ind1=" " ind2=" ">
      <subfield code="a">AR</subfield>
    </datafield>
    <datafield tag="082" ind1=" " ind2=" ">
      <subfield code="a">821.134.2 C146a</subfield>
    </datafield>
    <datafield tag="100" ind1=" " ind2=" ">
      <subfield code="a">Calderón de la Barca, Pedro.</subfield>
    </datafield>
    <datafield tag="245" ind1=" " ind2=" ">
      <subfield code="a">El alcalde de Zalamea</subfield>
    </datafield>
    <datafield tag="250" ind1=" " ind2=" ">
      <subfield code="a">6a ed.</subfield>
    </datafield>
    <datafield tag="260" ind1=" " ind2=" ">
      <subfield code="a">Buenos Aires</subfield>
      <subfield code="b"> : Espasa-Calpe</subfield>
      <subfield code="c"> , 1944</subfield>
    </datafield>
    <datafield tag="440" ind1=" " ind2=" ">
      <subfield code="a">Colección Clásicos Huemul</subfield>
      <subfield code="a">Grandes obras de la literatura universal</subfield>
      <subfield code="a">Colección austral</subfield>
      <subfield code="v">39</subfield>
    </datafield>
    <datafield tag="490" ind1=" " ind2=" ">
      <subfield code="a">Colección Clásicos Huemul</subfield>
      <subfield code="a">Grandes obras de la literatura universal</subfield>
      <subfield code="a">Colección austral</subfield>
      <subfield code="v">39</subfield>
    </datafield>
    <datafield tag="505" ind1="0" ind2="0">
      <subfield code="g">p. 121-233</subfield>
      <subfield code="g">- LITERATURA ESPAÑOLA|- TEATRO ESPAÑOL</subfield>
      <subfield code="r">Calderón de la Barca, Pedro</subfield>
      <subfield code="t">La vida es sueño</subfield>
    </datafield>
    <datafield tag="773" ind1="0" ind2="#">
      <subfield code="a">Calderón de la Barca, Pedro</subfield>
      <subfield code="g">- LITERATURA ESPAÑOLA|- TEATRO ESPAÑOL</subfield>
      <subfield code="h">p. 121-233</subfield>
      <subfield code="t">La vida es sueño</subfield>
    </datafield>
    <datafield tag="942" ind1=" " ind2=" ">
      <subfield code="c">BK</subfield>
    </datafield>
    <datafield tag="952" ind1=" " ind2=" ">
      <subfield code="a">BIB_UARG</subfield>
      <subfield code="b">BIB_UARG</subfield>
      <subfield code="d">2015-03-30</subfield>
      <subfield code="y">BK</subfield>
      <subfield code="p">05-03203</subfield>
    </datafield>
  </record>