
  <record>
    <leader>01000aam  22002601a 4500</leader>
    <controlfield tag="001">YPZ99470</controlfield>
    <controlfield tag="003">YPZ</controlfield>
    <controlfield tag="005">201503311109140</controlfield>
    <controlfield tag="008">150331|###########||||||b||||||||||spa|d</controlfield>
    <datafield tag="020" ind1=" " ind2=" ">
      <subfield code="a">8471666200</subfield>
    </datafield>
    <datafield tag="040" ind1=" " ind2=" ">
      <subfield code="c">SIUNPA</subfield>
    </datafield>
    <datafield tag="041" ind1=" " ind2=" ">
      <subfield code="a">spa</subfield>
    </datafield>
    <datafield tag="044" ind1=" " ind2=" ">
      <subfield code="a">ES</subfield>
    </datafield>
    <datafield tag="082" ind1=" " ind2=" ">
      <subfield code="a">821.111 S527m</subfield>
    </datafield>
    <datafield tag="100" ind1=" " ind2=" ">
      <subfield code="a">Shakespeare, William.</subfield>
    </datafield>
    <datafield tag="245" ind1=" " ind2=" ">
      <subfield code="a">Macbeth</subfield>
      <subfield code="c"> / García Pavón, Francisco, pról. y cronología ; Menéndez y Pelayo, Marcelino, tr. ; Márquez, J.A., tr.</subfield>
    </datafield>
    <datafield tag="260" ind1=" " ind2=" ">
      <subfield code="a">Madrid</subfield>
      <subfield code="b"> : Edaf</subfield>
      <subfield code="c"> , 1981</subfield>
    </datafield>
    <datafield tag="440" ind1=" " ind2=" ">
      <subfield code="a">Biblioteca Edaf</subfield>
      <subfield code="v">124</subfield>
    </datafield>
    <datafield tag="490" ind1=" " ind2=" ">
      <subfield code="a">Biblioteca Edaf</subfield>
      <subfield code="v">124</subfield>
    </datafield>
    <datafield tag="505" ind1="0" ind2="0">
      <subfield code="g">p. 95-186</subfield>
      <subfield code="g">- LITERATURA INGLESA|- TEATRO INGLES</subfield>
      <subfield code="r">Shakespeare, William</subfield>
      <subfield code="t">Otelo</subfield>
    </datafield>
    <datafield tag="505" ind1="0" ind2="0">
      <subfield code="g">p. 191-268</subfield>
      <subfield code="g">- LITERATURA INGLESA|- TEATRO INGLES</subfield>
      <subfield code="r">Shakespeare, William</subfield>
      <subfield code="t">Julio César</subfield>
    </datafield>
    <datafield tag="773" ind1="0" ind2="#">
      <subfield code="a">Shakespeare, William</subfield>
      <subfield code="g">- LITERATURA INGLESA|- TEATRO INGLES</subfield>
      <subfield code="h">p. 95-186</subfield>
      <subfield code="t">Otelo</subfield>
    </datafield>
    <datafield tag="773" ind1="0" ind2="#">
      <subfield code="a">Shakespeare, William</subfield>
      <subfield code="g">- LITERATURA INGLESA|- TEATRO INGLES</subfield>
      <subfield code="h">p. 191-268</subfield>
      <subfield code="t">Julio César</subfield>
    </datafield>
    <datafield tag="942" ind1=" " ind2=" ">
      <subfield code="c">BK</subfield>
    </datafield>
    <datafield tag="952" ind1=" " ind2=" ">
      <subfield code="a">BIB_UARG</subfield>
      <subfield code="b">BIB_UARG</subfield>
      <subfield code="d">2015-03-31</subfield>
      <subfield code="y">BK</subfield>
      <subfield code="p">05-08080</subfield>
    </datafield>
  </record>