
  <record>
    <leader>01000aam  22002601a 4500</leader>
    <controlfield tag="001">YPZ99478</controlfield>
    <controlfield tag="003">YPZ</controlfield>
    <controlfield tag="005">201503311517150</controlfield>
    <controlfield tag="008">150331|###########||||||b||||||||||spa|d</controlfield>
    <datafield tag="020" ind1=" " ind2=" ">
      <subfield code="a">8470821911</subfield>
    </datafield>
    <datafield tag="040" ind1=" " ind2=" ">
      <subfield code="c">SIUNPA</subfield>
    </datafield>
    <datafield tag="041" ind1=" " ind2=" ">
      <subfield code="a">spa</subfield>
    </datafield>
    <datafield tag="044" ind1=" " ind2=" ">
      <subfield code="a">ES</subfield>
    </datafield>
    <datafield tag="082" ind1=" " ind2=" ">
      <subfield code="a">821.124'02 V816e</subfield>
    </datafield>
    <datafield tag="100" ind1=" " ind2=" ">
      <subfield code="a">Virgilio.</subfield>
    </datafield>
    <datafield tag="245" ind1=" " ind2=" ">
      <subfield code="a">La Eneida</subfield>
      <subfield code="c"> / Querol, Miguel, tr., pról. y notas</subfield>
    </datafield>
    <datafield tag="260" ind1=" " ind2=" ">
      <subfield code="a">Barcelona</subfield>
      <subfield code="b"> : Iberia</subfield>
      <subfield code="c"> , 1979</subfield>
    </datafield>
    <datafield tag="505" ind1="0" ind2="0">
      <subfield code="g">p. 283-323</subfield>
      <subfield code="g">- LITERATURA LATINA|- POESIA</subfield>
      <subfield code="r">Virgilio</subfield>
      <subfield code="t">Bucólicas</subfield>
    </datafield>
    <datafield tag="505" ind1="0" ind2="0">
      <subfield code="g">p. 325-390</subfield>
      <subfield code="g">- LITERATURA LATINA|- POESIA</subfield>
      <subfield code="r">Virgilio</subfield>
      <subfield code="t">Geórgicas</subfield>
    </datafield>
    <datafield tag="773" ind1="0" ind2="#">
      <subfield code="a">Virgilio</subfield>
      <subfield code="g">- LITERATURA LATINA|- POESIA</subfield>
      <subfield code="h">p. 283-323</subfield>
      <subfield code="t">Bucólicas</subfield>
    </datafield>
    <datafield tag="773" ind1="0" ind2="#">
      <subfield code="a">Virgilio</subfield>
      <subfield code="g">- LITERATURA LATINA|- POESIA</subfield>
      <subfield code="h">p. 325-390</subfield>
      <subfield code="t">Geórgicas</subfield>
    </datafield>
    <datafield tag="942" ind1=" " ind2=" ">
      <subfield code="c">BK</subfield>
    </datafield>
    <datafield tag="952" ind1=" " ind2=" ">
      <subfield code="a">BIB_UARG</subfield>
      <subfield code="b">BIB_UARG</subfield>
      <subfield code="d">2015-03-31</subfield>
      <subfield code="y">BK</subfield>
      <subfield code="p">05-03832</subfield>
    </datafield>
  </record>