
  <record>
    <leader>01000aam  22002601a 4500</leader>
    <controlfield tag="001">YPZ99503</controlfield>
    <controlfield tag="003">YPZ</controlfield>
    <controlfield tag="005">201504071249010</controlfield>
    <controlfield tag="008">150407|###########||||||b||||||||||spa|d</controlfield>
    <datafield tag="040" ind1=" " ind2=" ">
      <subfield code="c">SIUNPA</subfield>
    </datafield>
    <datafield tag="041" ind1=" " ind2=" ">
      <subfield code="a">spa</subfield>
    </datafield>
    <datafield tag="044" ind1=" " ind2=" ">
      <subfield code="a">ES</subfield>
    </datafield>
    <datafield tag="082" ind1=" " ind2=" ">
      <subfield code="a">821.14'02 E899a</subfield>
    </datafield>
    <datafield tag="100" ind1=" " ind2=" ">
      <subfield code="a">Eurípides.</subfield>
    </datafield>
    <datafield tag="245" ind1=" " ind2=" ">
      <subfield code="a">Alcestis</subfield>
      <subfield code="c"> / Tovar, Antonio, tr.</subfield>
    </datafield>
    <datafield tag="250" ind1=" " ind2=" ">
      <subfield code="a">5a ed.</subfield>
    </datafield>
    <datafield tag="260" ind1=" " ind2=" ">
      <subfield code="a">Madrid</subfield>
      <subfield code="b"> : Espasa-Calpe</subfield>
      <subfield code="c"> , 1972</subfield>
    </datafield>
    <datafield tag="440" ind1=" " ind2=" ">
      <subfield code="a">Obras maestras</subfield>
      <subfield code="a">Colección Austral</subfield>
      <subfield code="v">432</subfield>
    </datafield>
    <datafield tag="490" ind1=" " ind2=" ">
      <subfield code="a">Obras maestras</subfield>
      <subfield code="a">Colección Austral</subfield>
      <subfield code="v">432</subfield>
    </datafield>
    <datafield tag="500" ind1=" " ind2=" ">
      <subfield code="a">Véase además Alceste</subfield>
    </datafield>
    <datafield tag="505" ind1="0" ind2="0">
      <subfield code="g">p. 59-116</subfield>
      <subfield code="g">- LITERATURA GRIEGA - TEATRO GRIEGO</subfield>
      <subfield code="r">Eurípides</subfield>
      <subfield code="t">Las bacantes</subfield>
    </datafield>
    <datafield tag="505" ind1="0" ind2="0">
      <subfield code="g">p. 117-152</subfield>
      <subfield code="g">- LITERATURA GRIEGA - TEATRO GRIEGO</subfield>
      <subfield code="r">Eurípides</subfield>
      <subfield code="t">El ciclope</subfield>
    </datafield>
    <datafield tag="773" ind1="0" ind2="#">
      <subfield code="a">Eurípides</subfield>
      <subfield code="g">- LITERATURA GRIEGA - TEATRO GRIEGO</subfield>
      <subfield code="h">p. 59-116</subfield>
      <subfield code="t">Las bacantes</subfield>
    </datafield>
    <datafield tag="773" ind1="0" ind2="#">
      <subfield code="a">Eurípides</subfield>
      <subfield code="g">- LITERATURA GRIEGA - TEATRO GRIEGO</subfield>
      <subfield code="h">p. 117-152</subfield>
      <subfield code="t">El ciclope</subfield>
    </datafield>
    <datafield tag="942" ind1=" " ind2=" ">
      <subfield code="c">BK</subfield>
    </datafield>
    <datafield tag="952" ind1=" " ind2=" ">
      <subfield code="a">BIB_UARG</subfield>
      <subfield code="b">BIB_UARG</subfield>
      <subfield code="d">2015-04-07</subfield>
      <subfield code="y">BK</subfield>
      <subfield code="p">05-02953</subfield>
    </datafield>
  </record>