
  <record>
    <leader>01000aam  22002601a 4500</leader>
    <controlfield tag="001">YPZ99534</controlfield>
    <controlfield tag="003">YPZ</controlfield>
    <controlfield tag="005">201504201453040</controlfield>
    <controlfield tag="008">150420|###########||||||b||||||||||spa|d</controlfield>
    <datafield tag="040" ind1=" " ind2=" ">
      <subfield code="c">SIUNPA</subfield>
    </datafield>
    <datafield tag="041" ind1=" " ind2=" ">
      <subfield code="a">spa</subfield>
    </datafield>
    <datafield tag="044" ind1=" " ind2=" ">
      <subfield code="a">AR</subfield>
    </datafield>
    <datafield tag="082" ind1=" " ind2=" ">
      <subfield code="a">821.134.2(82) C174e</subfield>
    </datafield>
    <datafield tag="100" ind1=" " ind2=" ">
      <subfield code="a">Cambaceres, Eugenio.</subfield>
    </datafield>
    <datafield tag="245" ind1=" " ind2=" ">
      <subfield code="a">En la sangre</subfield>
    </datafield>
    <datafield tag="260" ind1=" " ind2=" ">
      <subfield code="a">Buenos Aires</subfield>
      <subfield code="b"> : Eudeba</subfield>
      <subfield code="c"> , 1967</subfield>
    </datafield>
    <datafield tag="440" ind1=" " ind2=" ">
      <subfield code="a">Biblioteca Cortázar</subfield>
      <subfield code="a">Biblioteca Cortázar</subfield>
      <subfield code="a">Biblioteca Cortázar</subfield>
      <subfield code="a">Biblioteca Cortázar</subfield>
      <subfield code="a">Biblioteca Cortázar</subfield>
      <subfield code="a">Biblioteca Cortázar</subfield>
      <subfield code="a">Biblioteca Cortázar</subfield>
      <subfield code="a">Biblioteca Cortázar</subfield>
      <subfield code="a">Biblioteca Cortázar</subfield>
      <subfield code="a">Biblioteca Cortázar</subfield>
      <subfield code="a">Biblioteca Cortázar</subfield>
      <subfield code="a">Biblioteca Cortázar</subfield>
      <subfield code="a">Biblioteca Cortázar</subfield>
      <subfield code="a">Serie del siglo y medio</subfield>
      <subfield code="v">120</subfield>
    </datafield>
    <datafield tag="490" ind1=" " ind2=" ">
      <subfield code="a">Biblioteca Cortázar</subfield>
      <subfield code="a">Biblioteca Cortázar</subfield>
      <subfield code="a">Biblioteca Cortázar</subfield>
      <subfield code="a">Biblioteca Cortázar</subfield>
      <subfield code="a">Biblioteca Cortázar</subfield>
      <subfield code="a">Biblioteca Cortázar</subfield>
      <subfield code="a">Biblioteca Cortázar</subfield>
      <subfield code="a">Biblioteca Cortázar</subfield>
      <subfield code="a">Biblioteca Cortázar</subfield>
      <subfield code="a">Biblioteca Cortázar</subfield>
      <subfield code="a">Biblioteca Cortázar</subfield>
      <subfield code="a">Biblioteca Cortázar</subfield>
      <subfield code="a">Biblioteca Cortázar</subfield>
      <subfield code="a">Serie del siglo y medio</subfield>
      <subfield code="v">120</subfield>
    </datafield>
    <datafield tag="942" ind1=" " ind2=" ">
      <subfield code="c">BK</subfield>
    </datafield>
    <datafield tag="952" ind1=" " ind2=" ">
      <subfield code="a">BIB_UARG</subfield>
      <subfield code="b">BIB_UARG</subfield>
      <subfield code="d">2015-04-13</subfield>
      <subfield code="y">BK</subfield>
      <subfield code="p">05-01684</subfield>
    </datafield>
    <datafield tag="952" ind1=" " ind2=" ">
      <subfield code="a">BIB_UARG</subfield>
      <subfield code="b">BIB_UARG</subfield>
      <subfield code="d">2015-04-13</subfield>
      <subfield code="y">BK</subfield>
      <subfield code="p">05-03388</subfield>
    </datafield>
  </record>