
  <record>
    <leader>01000aam  22002601a 4500</leader>
    <controlfield tag="001">YPZ99580</controlfield>
    <controlfield tag="003">YPZ</controlfield>
    <controlfield tag="005">201504241559110</controlfield>
    <controlfield tag="008">150424|###########||||||b||||||||||spa|d</controlfield>
    <datafield tag="020" ind1=" " ind2=" ">
      <subfield code="a">9500303051</subfield>
    </datafield>
    <datafield tag="040" ind1=" " ind2=" ">
      <subfield code="c">SIUNPA</subfield>
    </datafield>
    <datafield tag="041" ind1=" " ind2=" ">
      <subfield code="a">spa</subfield>
    </datafield>
    <datafield tag="044" ind1=" " ind2=" ">
      <subfield code="a">AR</subfield>
    </datafield>
    <datafield tag="082" ind1=" " ind2=" ">
      <subfield code="a">821.134.2(82) B732o</subfield>
    </datafield>
    <datafield tag="100" ind1=" " ind2=" ">
      <subfield code="a">Borges, Jorge Luis.</subfield>
    </datafield>
    <datafield tag="700" ind1=" " ind2=" ">
      <subfield code="a">Bioy Casares, Adolfo.</subfield>
    </datafield>
    <datafield tag="700" ind1=" " ind2=" ">
      <subfield code="a">Bustos Domecq, Honorio, seud..</subfield>
    </datafield>
    <datafield tag="245" ind1=" " ind2=" ">
      <subfield code="a">Los orilleros</subfield>
    </datafield>
    <datafield tag="250" ind1=" " ind2=" ">
      <subfield code="a">4a ed.</subfield>
    </datafield>
    <datafield tag="260" ind1=" " ind2=" ">
      <subfield code="a">Buenos Aires</subfield>
      <subfield code="b"> : Losada</subfield>
      <subfield code="c"> , 1997</subfield>
    </datafield>
    <datafield tag="440" ind1=" " ind2=" ">
      <subfield code="a">Le livre de poche</subfield>
      <subfield code="a">Biblioteca de estudios literarios</subfield>
      <subfield code="a">Biblioteca clásica y contemporánea</subfield>
      <subfield code="v">426</subfield>
    </datafield>
    <datafield tag="490" ind1=" " ind2=" ">
      <subfield code="a">Le livre de poche</subfield>
      <subfield code="a">Biblioteca de estudios literarios</subfield>
      <subfield code="a">Biblioteca clásica y contemporánea</subfield>
      <subfield code="v">426</subfield>
    </datafield>
    <datafield tag="505" ind1="0" ind2="0">
      <subfield code="g">p. 81-137</subfield>
      <subfield code="g">- LITERATURA ARGENTINA|-TEATRO ARGENTINO</subfield>
      <subfield code="r">Borges, Jorge Luis|Bioy Casares, Adolfo</subfield>
      <subfield code="t">El paraiso de los creyentes</subfield>
    </datafield>
    <datafield tag="773" ind1="0" ind2="#">
      <subfield code="a">Borges, Jorge Luis|Bioy Casares, Adolfo</subfield>
      <subfield code="g">- LITERATURA ARGENTINA|-TEATRO ARGENTINO</subfield>
      <subfield code="h">p. 81-137</subfield>
      <subfield code="t">El paraiso de los creyentes</subfield>
    </datafield>
    <datafield tag="942" ind1=" " ind2=" ">
      <subfield code="c">BK</subfield>
    </datafield>
    <datafield tag="952" ind1=" " ind2=" ">
      <subfield code="a">BIB_UARG</subfield>
      <subfield code="b">BIB_UARG</subfield>
      <subfield code="d">2015-04-21</subfield>
      <subfield code="y">BK</subfield>
      <subfield code="p">05-14463</subfield>
    </datafield>
  </record>