
  <record>
    <leader>01000aam  22002601a 4500</leader>
    <controlfield tag="001">YPZ99597</controlfield>
    <controlfield tag="003">YPZ</controlfield>
    <controlfield tag="005">201505041550350</controlfield>
    <controlfield tag="008">150504|###########||||||b||||||||||spa|d</controlfield>
    <datafield tag="040" ind1=" " ind2=" ">
      <subfield code="c">SIUNPA</subfield>
    </datafield>
    <datafield tag="041" ind1=" " ind2=" ">
      <subfield code="a">spa</subfield>
    </datafield>
    <datafield tag="044" ind1=" " ind2=" ">
      <subfield code="a">AR</subfield>
    </datafield>
    <datafield tag="082" ind1=" " ind2=" ">
      <subfield code="a">821.161.1 G613ca</subfield>
    </datafield>
    <datafield tag="100" ind1=" " ind2=" ">
      <subfield code="a">Gógol, Nicolai V..</subfield>
    </datafield>
    <datafield tag="700" ind1=" " ind2=" ">
      <subfield code="a">Gorki, Máximo.</subfield>
    </datafield>
    <datafield tag="700" ind1=" " ind2=" ">
      <subfield code="a">Maiacovski, Vladímir.</subfield>
    </datafield>
    <datafield tag="245" ind1=" " ind2=" ">
      <subfield code="a">El casamiento</subfield>
      <subfield code="c"> / Mirlas, León, tr. ; Coco Ferraris, José María, tr.</subfield>
    </datafield>
    <datafield tag="260" ind1=" " ind2=" ">
      <subfield code="a">Buenos Aires</subfield>
      <subfield code="b"> : Centro Editor de América Latina</subfield>
      <subfield code="c"> , 1972</subfield>
    </datafield>
    <datafield tag="440" ind1=" " ind2=" ">
      <subfield code="a">Biblioteca fundamental del hombre moderno</subfield>
      <subfield code="v">61</subfield>
    </datafield>
    <datafield tag="490" ind1=" " ind2=" ">
      <subfield code="a">Biblioteca fundamental del hombre moderno</subfield>
      <subfield code="v">61</subfield>
    </datafield>
    <datafield tag="505" ind1="0" ind2="0">
      <subfield code="g">p. 61-116</subfield>
      <subfield code="g">- LITERATURA RUSA|- TEATRO RUSO</subfield>
      <subfield code="r">Gorki, Máximo</subfield>
      <subfield code="t">La moneda falsa</subfield>
    </datafield>
    <datafield tag="505" ind1="0" ind2="0">
      <subfield code="g">p. 117-159</subfield>
      <subfield code="g">- LITERATURA RUSA|- TEATRO RUSO</subfield>
      <subfield code="r">Maiacovski, Vladímir</subfield>
      <subfield code="t">La chinche</subfield>
    </datafield>
    <datafield tag="773" ind1="0" ind2="#">
      <subfield code="a">Gorki, Máximo</subfield>
      <subfield code="g">- LITERATURA RUSA|- TEATRO RUSO</subfield>
      <subfield code="h">p. 61-116</subfield>
      <subfield code="t">La moneda falsa</subfield>
    </datafield>
    <datafield tag="773" ind1="0" ind2="#">
      <subfield code="a">Maiacovski, Vladímir</subfield>
      <subfield code="g">- LITERATURA RUSA|- TEATRO RUSO</subfield>
      <subfield code="h">p. 117-159</subfield>
      <subfield code="t">La chinche</subfield>
    </datafield>
    <datafield tag="942" ind1=" " ind2=" ">
      <subfield code="c">BK</subfield>
    </datafield>
    <datafield tag="952" ind1=" " ind2=" ">
      <subfield code="a">BIB_UARG</subfield>
      <subfield code="b">BIB_UARG</subfield>
      <subfield code="d">2015-04-24</subfield>
      <subfield code="y">BK</subfield>
      <subfield code="p">05-47298</subfield>
    </datafield>
  </record>