
  <record>
    <leader>01000aam  22002601a 4500</leader>
    <controlfield tag="001">YPZ99612</controlfield>
    <controlfield tag="003">YPZ</controlfield>
    <controlfield tag="005">201505121143320</controlfield>
    <controlfield tag="008">150512|###########||||||b||||||||||spa|d</controlfield>
    <datafield tag="020" ind1=" " ind2=" ">
      <subfield code="a">9500418436</subfield>
    </datafield>
    <datafield tag="040" ind1=" " ind2=" ">
      <subfield code="c">SIUNPA</subfield>
    </datafield>
    <datafield tag="041" ind1=" " ind2=" ">
      <subfield code="a">spa</subfield>
    </datafield>
    <datafield tag="044" ind1=" " ind2=" ">
      <subfield code="a">AR</subfield>
    </datafield>
    <datafield tag="082" ind1=" " ind2=" ">
      <subfield code="a">821.134.2(82) B732do</subfield>
    </datafield>
    <datafield tag="100" ind1=" " ind2=" ">
      <subfield code="a">Borges, Jorge Luis.</subfield>
    </datafield>
    <datafield tag="700" ind1=" " ind2=" ">
      <subfield code="a">Bioy Casares, Adolfo.</subfield>
    </datafield>
    <datafield tag="700" ind1=" " ind2=" ">
      <subfield code="a">Bustos Domecq, Honorio, seud..</subfield>
    </datafield>
    <datafield tag="245" ind1=" " ind2=" ">
      <subfield code="a">Dos fantasías memorables</subfield>
    </datafield>
    <datafield tag="250" ind1=" " ind2=" ">
      <subfield code="a">1a ed.</subfield>
    </datafield>
    <datafield tag="260" ind1=" " ind2=" ">
      <subfield code="a">Buenos Aires</subfield>
      <subfield code="b"> : Emecé</subfield>
      <subfield code="c"> , 1998</subfield>
    </datafield>
    <datafield tag="505" ind1="0" ind2="0">
      <subfield code="g">p. 39-124</subfield>
      <subfield code="g">- LITERATURA ARGENTINA|CUENTO</subfield>
      <subfield code="r">Borges, Jorge Luis|Bioy Casares, Adolfo|Bustos Domecq, Honorio, seud.</subfield>
      <subfield code="t">Un modelo para la muerte</subfield>
    </datafield>
    <datafield tag="773" ind1="0" ind2="#">
      <subfield code="a">Borges, Jorge Luis|Bioy Casares, Adolfo|Bustos Domecq, Honorio, seud.</subfield>
      <subfield code="g">- LITERATURA ARGENTINA|CUENTO</subfield>
      <subfield code="h">p. 39-124</subfield>
      <subfield code="t">Un modelo para la muerte</subfield>
    </datafield>
    <datafield tag="942" ind1=" " ind2=" ">
      <subfield code="c">BK</subfield>
    </datafield>
    <datafield tag="952" ind1=" " ind2=" ">
      <subfield code="a">BIB_UARG</subfield>
      <subfield code="b">BIB_UARG</subfield>
      <subfield code="d">2015-05-12</subfield>
      <subfield code="y">BK</subfield>
      <subfield code="p">05-14600</subfield>
    </datafield>
  </record>