
  <record>
    <leader>01000aam  22002601a 4500</leader>
    <controlfield tag="001">YPZ99615</controlfield>
    <controlfield tag="003">YPZ</controlfield>
    <controlfield tag="005">201505200959280</controlfield>
    <controlfield tag="008">150520|###########||||||b||||||||||spa|d</controlfield>
    <datafield tag="020" ind1=" " ind2=" ">
      <subfield code="a">9789875382985</subfield>
    </datafield>
    <datafield tag="040" ind1=" " ind2=" ">
      <subfield code="c">SIUNPA</subfield>
    </datafield>
    <datafield tag="041" ind1=" " ind2=" ">
      <subfield code="a">spa</subfield>
    </datafield>
    <datafield tag="044" ind1=" " ind2=" ">
      <subfield code="a">AR</subfield>
    </datafield>
    <datafield tag="082" ind1=" " ind2=" ">
      <subfield code="a">371.5 P949b</subfield>
    </datafield>
    <datafield tag="100" ind1=" " ind2=" ">
      <subfield code="a">Prieto Quezada, María Teresa.</subfield>
    </datafield>
    <datafield tag="700" ind1=" " ind2=" ">
      <subfield code="a">Mora, José Jiménez.</subfield>
    </datafield>
    <datafield tag="700" ind1=" " ind2=" ">
      <subfield code="a">Carrillo Navarro, José Claudio.</subfield>
    </datafield>
    <datafield tag="245" ind1=" " ind2=" ">
      <subfield code="a">Bullying. Maltrato entre alumnos</subfield>
      <subfield code="b"> : el lado oscuro de la escuela</subfield>
      <subfield code="c"> / Osorio, Fernando, pról. ; Arzaluz, Arturo, il.</subfield>
    </datafield>
    <datafield tag="250" ind1=" " ind2=" ">
      <subfield code="a">1a ed., 1a reimpr</subfield>
    </datafield>
    <datafield tag="260" ind1=" " ind2=" ">
      <subfield code="a">Buenos Aires</subfield>
      <subfield code="b"> : Novedades Educativas</subfield>
      <subfield code="c"> , 2011</subfield>
    </datafield>
    <datafield tag="300" ind1=" " ind2=" ">
      <subfield code="a">333 p. : </subfield>
      <subfield code="a">89 p. : </subfield>
      <subfield code="a">207 p. : </subfield>
      <subfield code="b">il. ; </subfield>
      <subfield code="a">206 p. : </subfield>
      <subfield code="b">il., mapas ; </subfield>
      <subfield code="a">vii, 505 p. : </subfield>
      <subfield code="b">il. ; </subfield>
      <subfield code="a">446 p. : </subfield>
      <subfield code="b">il. ; </subfield>
      <subfield code="a">271 p. : </subfield>
      <subfield code="b">il. ; </subfield>
      <subfield code="a">650 p. : </subfield>
      <subfield code="a">150 p. : </subfield>
      <subfield code="a">414 p. : </subfield>
      <subfield code="b">il. ; </subfield>
      <subfield code="a">110 p. : </subfield>
      <subfield code="b">il. ; </subfield>
      <subfield code="a">164 p. : </subfield>
      <subfield code="a">282 p. : </subfield>
      <subfield code="a">409 p. : </subfield>
      <subfield code="b">il. ; </subfield>
      <subfield code="a">398 p. : </subfield>
      <subfield code="a">cxx, 758 p. : </subfield>
      <subfield code="a">269 p. : </subfield>
      <subfield code="b">il. ; </subfield>
      <subfield code="a">300 p. : </subfield>
      <subfield code="b">il. ; </subfield>
      <subfield code="a">xi, 195 p. : </subfield>
      <subfield code="b">il. ; </subfield>
      <subfield code="a">99 p. : </subfield>
      <subfield code="b">il. ; </subfield>
      <subfield code="a">ix, [25 h.], 94 p. : </subfield>
      <subfield code="b">il. ; </subfield>
      <subfield code="a">111 p. : </subfield>
      <subfield code="b">il. ; </subfield>
      <subfield code="a">2 v. : </subfield>
      <subfield code="a">220 p. : </subfield>
      <subfield code="a">321 p. : </subfield>
      <subfield code="a">196 p. : </subfield>
      <subfield code="a">197 p. : </subfield>
      <subfield code="a">269 p. : </subfield>
      <subfield code="a">170 p. : </subfield>
      <subfield code="a">180 p. : </subfield>
      <subfield code="a">63 p. : </subfield>
      <subfield code="b">il. ; </subfield>
      <subfield code="a">396 p. : </subfield>
      <subfield code="b">il. ; </subfield>
      <subfield code="a">461 p. : </subfield>
      <subfield code="b">il. ; </subfield>
      <subfield code="a">x, 193 p. : </subfield>
      <subfield code="a">198 p. : </subfield>
      <subfield code="a">191 p. : </subfield>
      <subfield code="a">217 p. : </subfield>
      <subfield code="a">ix, 449 p. : </subfield>
      <subfield code="a">xiii, 202 p. : </subfield>
      <subfield code="b">il. ; </subfield>
      <subfield code="a">3 v. : </subfield>
      <subfield code="a">v. : </subfield>
      <subfield code="a">2 t. : </subfield>
      <subfield code="b">il. ; </subfield>
      <subfield code="a">xxi, 640 p. : </subfield>
      <subfield code="b">il. ; </subfield>
      <subfield code="a">3 v. : </subfield>
      <subfield code="b">il. ; </subfield>
      <subfield code="a">vii, [368] p. en varias paginaciones : </subfield>
      <subfield code="b">il. ; </subfield>
      <subfield code="a">xvii, 453  p. : </subfield>
      <subfield code="b">il. ; </subfield>
      <subfield code="a">2 v. : </subfield>
      <subfield code="b">il. ; </subfield>
      <subfield code="a">4 v. : </subfield>
      <subfield code="b">il ; </subfield>
      <subfield code="a">271 p. : </subfield>
      <subfield code="a">120 p. : </subfield>
      <subfield code="a">253 p. : </subfield>
      <subfield code="a">151 p. : </subfield>
      <subfield code="a">70 p. : </subfield>
      <subfield code="a">97 p. : </subfield>
      <subfield code="a">120 p. : </subfield>
      <subfield code="a">197 p. : </subfield>
      <subfield code="a">283 p. : </subfield>
      <subfield code="b">il. ; </subfield>
      <subfield code="a">10 v. : </subfield>
      <subfield code="a">xxix, 1424 p. : </subfield>
      <subfield code="a">3 v. : </subfield>
      <subfield code="b">il. ; </subfield>
      <subfield code="a">136 p. : </subfield>
      <subfield code="b">il. ; </subfield>
      <subfield code="a">14 p. : </subfield>
      <subfield code="b">il. ; </subfield>
      <subfield code="a">xix, 444  p. : </subfield>
      <subfield code="b">il. ; </subfield>
      <subfield code="a">20 t. : </subfield>
      <subfield code="b">il. ; </subfield>
      <subfield code="a">149 p. : </subfield>
      <subfield code="a">167 p. : </subfield>
      <subfield code="a">xxx, 123 p. : </subfield>
      <subfield code="a">233 p. : </subfield>
      <subfield code="a">xl, 120 p. : </subfield>
      <subfield code="a">156 p. : </subfield>
      <subfield code="a">191 p. : </subfield>
      <subfield code="a">165 p. : </subfield>
      <subfield code="a">xii, 533 p. : </subfield>
      <subfield code="a">2 v. : </subfield>
      <subfield code="a">334 p. : </subfield>
      <subfield code="b">il. ; </subfield>
      <subfield code="a">343 p. : </subfield>
      <subfield code="b">il. ; </subfield>
      <subfield code="a">268 p. : </subfield>
      <subfield code="a">201 p. : </subfield>
      <subfield code="a">163 p. : </subfield>
      <subfield code="a">192 p. : </subfield>
      <subfield code="a">295 p. : </subfield>
      <subfield code="a">151 p. : </subfield>
      <subfield code="a">149 p. : </subfield>
      <subfield code="a">113 p. : </subfield>
      <subfield code="a">xii, 390 p. : </subfield>
      <subfield code="a">318 p. : </subfield>
      <subfield code="a">332 p. : </subfield>
      <subfield code="b">il. ; </subfield>
      <subfield code="a">130 p. : </subfield>
      <subfield code="a">298 p. : </subfield>
      <subfield code="b">il. ; </subfield>
      <subfield code="a">198 p. : </subfield>
      <subfield code="a">133 p., [1] h. de láms. : </subfield>
      <subfield code="b">il. ; </subfield>
      <subfield code="a">117 p. : </subfield>
      <subfield code="b">il. ; </subfield>
      <subfield code="a">286 p. : </subfield>
      <subfield code="a">141 p. : </subfield>
      <subfield code="b">il. ; </subfield>
      <subfield code="a">v, 339 p. : </subfield>
      <subfield code="b">il. ; </subfield>
      <subfield code="a">308 p. : </subfield>
      <subfield code="a">180 p. : </subfield>
      <subfield code="a">xxvi, 169 p. : </subfield>
      <subfield code="a">69 p. : </subfield>
      <subfield code="a">578 p. : </subfield>
      <subfield code="a">2 v. : </subfield>
      <subfield code="b">il. ; </subfield>
      <subfield code="a">355 p. : </subfield>
      <subfield code="a">314 p. : </subfield>
      <subfield code="a">216 p. : </subfield>
      <subfield code="a">2 v. : </subfield>
      <subfield code="a">v. : </subfield>
      <subfield code="a">xi, 211 p. : </subfield>
      <subfield code="a">109 p. : </subfield>
      <subfield code="a">xii, 221 p. : </subfield>
      <subfield code="a">152 p. : </subfield>
      <subfield code="a">123 p. : </subfield>
      <subfield code="b">il. ; </subfield>
      <subfield code="a">247 p. : </subfield>
      <subfield code="a">62 p. : </subfield>
      <subfield code="a">177 p. : </subfield>
      <subfield code="a">95 p. : </subfield>
      <subfield code="a">200 p. : </subfield>
      <subfield code="a">159 p. : </subfield>
      <subfield code="a">95 p. : </subfield>
      <subfield code="a">127 p. : </subfield>
      <subfield code="a">222 p. : </subfield>
      <subfield code="a">xiv, 105 p. : </subfield>
      <subfield code="a">178 p. : </subfield>
      <subfield code="a">87 p. : </subfield>
      <subfield code="a">270 p. : </subfield>
      <subfield code="a">170 p. : </subfield>
      <subfield code="a">231 p. : </subfield>
      <subfield code="a">120 p. : </subfield>
      <subfield code="a">148 p. : </subfield>
      <subfield code="a">351 p. : </subfield>
      <subfield code="a">141 p. : </subfield>
      <subfield code="a">182 p. : </subfield>
      <subfield code="a">291 p. : </subfield>
      <subfield code="a">173 p. : </subfield>
      <subfield code="a">146 p. : </subfield>
      <subfield code="a">166 p. : </subfield>
      <subfield code="a">470 p. : </subfield>
      <subfield code="a">180 p. : </subfield>
      <subfield code="a">2 v. : </subfield>
      <subfield code="a">317 p. : </subfield>
      <subfield code="a">501 p. : </subfield>
      <subfield code="a">141 p. : </subfield>
      <subfield code="a">108 p. : </subfield>
      <subfield code="a">598 p. : </subfield>
      <subfield code="a">255 p. : </subfield>
      <subfield code="a">2 v. : </subfield>
      <subfield code="a">2 v. : </subfield>
      <subfield code="a">v. : </subfield>
      <subfield code="a">197 p. : </subfield>
      <subfield code="a">125 p. : </subfield>
      <subfield code="a">140 p. : </subfield>
      <subfield code="a">166 p. : </subfield>
      <subfield code="a">165 p. : </subfield>
      <subfield code="a">139 p. : </subfield>
      <subfield code="a">155 p. : </subfield>
      <subfield code="a">158 p. : </subfield>
      <subfield code="a">155 p. : </subfield>
      <subfield code="a">130 p. : </subfield>
      <subfield code="a">225 p. : </subfield>
      <subfield code="a">160 p. : </subfield>
      <subfield code="a">160 p. : </subfield>
      <subfield code="a">267 p. : </subfield>
      <subfield code="a">158 p. : </subfield>
      <subfield code="a">296 p. : </subfield>
      <subfield code="a">99 p. : </subfield>
      <subfield code="a">154 p. : </subfield>
      <subfield code="a">255 p. : </subfield>
      <subfield code="a">175 p. : </subfield>
      <subfield code="a">156 p. : </subfield>
      <subfield code="a">141 p. : </subfield>
      <subfield code="a">181 p. : </subfield>
      <subfield code="a">188 p. : </subfield>
      <subfield code="a">94 p. : </subfield>
      <subfield code="a">105 p. : </subfield>
      <subfield code="a">323 p. : </subfield>
      <subfield code="a">152 p. : </subfield>
      <subfield code="a">159 p. : </subfield>
      <subfield code="b">il. ; </subfield>
      <subfield code="a">320 p. : </subfield>
      <subfield code="a">v. : </subfield>
      <subfield code="a">160 p. : </subfield>
      <subfield code="a">137 p. : </subfield>
      <subfield code="a">147 p. : </subfield>
      <subfield code="a">462 p. : </subfield>
      <subfield code="a">700 p. : </subfield>
      <subfield code="a">65 p., [6] h. de láms. : </subfield>
      <subfield code="a">1161 p. : </subfield>
      <subfield code="a">1058 p. : </subfield>
      <subfield code="a">4 v. : </subfield>
      <subfield code="a">184 p. : </subfield>
      <subfield code="b">il. ; </subfield>
      <subfield code="a">182 p. : </subfield>
      <subfield code="b">il. ; </subfield>
      <subfield code="a">158 p. : </subfield>
      <subfield code="b">il. ; </subfield>
      <subfield code="a">158 p. : </subfield>
      <subfield code="b">il. ; </subfield>
      <subfield code="a">124 p. : </subfield>
      <subfield code="a">120 p. : </subfield>
      <subfield code="a">174 p. : </subfield>
      <subfield code="a">157 p. : </subfield>
      <subfield code="a">141 p. : </subfield>
      <subfield code="a">159 p. : </subfield>
      <subfield code="a">156 p. : </subfield>
      <subfield code="a">130 p. : </subfield>
      <subfield code="a">163 p. : </subfield>
      <subfield code="b">il. ; </subfield>
      <subfield code="a">185 p. : </subfield>
      <subfield code="a">124 p. : </subfield>
      <subfield code="a">253 p. : </subfield>
      <subfield code="a">2 v. : </subfield>
      <subfield code="a">127 p. : </subfield>
      <subfield code="a">159 p. : </subfield>
      <subfield code="a">119 p. : </subfield>
      <subfield code="a">64 p. : </subfield>
      <subfield code="a">168 p. : </subfield>
      <subfield code="a">159 p. : </subfield>
      <subfield code="a">95 p. : </subfield>
      <subfield code="a">124 p. : </subfield>
      <subfield code="a">165 p. : </subfield>
      <subfield code="a">312 p. : </subfield>
      <subfield code="a">62 p. : </subfield>
      <subfield code="b">il. ; </subfield>
      <subfield code="e">Fasc. de historietas (31 p.)</subfield>
    </datafield>
    <datafield tag="500" ind1=" " ind2=" ">
      <subfield code="a">Otro subtít.: Estrategias de intervención con historietas</subfield>
    </datafield>
    <datafield tag="942" ind1=" " ind2=" ">
      <subfield code="c">BK</subfield>
    </datafield>
    <datafield tag="952" ind1=" " ind2=" ">
      <subfield code="a">BIB_UASJ</subfield>
      <subfield code="b">BIB_UASJ</subfield>
      <subfield code="d">2015-05-20</subfield>
      <subfield code="y">BK</subfield>
      <subfield code="p">04-47322</subfield>
    </datafield>
  </record>