
  <record>
    <leader>01000aam  22002601a 4500</leader>
    <controlfield tag="001">YPZ99643</controlfield>
    <controlfield tag="003">YPZ</controlfield>
    <controlfield tag="005">201506041522150</controlfield>
    <controlfield tag="008">150604|###########||||||b||||||||||spa|d</controlfield>
    <datafield tag="040" ind1=" " ind2=" ">
      <subfield code="c">SIUNPA</subfield>
    </datafield>
    <datafield tag="041" ind1=" " ind2=" ">
      <subfield code="a">spa</subfield>
    </datafield>
    <datafield tag="044" ind1=" " ind2=" ">
      <subfield code="a">AR</subfield>
    </datafield>
    <datafield tag="082" ind1=" " ind2=" ">
      <subfield code="a">821.112.2 B364s</subfield>
    </datafield>
    <datafield tag="100" ind1=" " ind2=" ">
      <subfield code="a">Büchner, Georg.</subfield>
    </datafield>
    <datafield tag="700" ind1=" " ind2=" ">
      <subfield code="a">Wedekind, Frank.</subfield>
    </datafield>
    <datafield tag="700" ind1=" " ind2=" ">
      <subfield code="a">Kleist, Heinrich von.</subfield>
    </datafield>
    <datafield tag="245" ind1=" " ind2=" ">
      <subfield code="a">Un siglo de teatro alemán</subfield>
      <subfield code="c"> / Cepeda, Dora, tr. ; Niilus, L., tr. ; Bulygin, E., tr.</subfield>
    </datafield>
    <datafield tag="260" ind1=" " ind2=" ">
      <subfield code="a">Buenos Aires</subfield>
      <subfield code="b"> : Centro Editor de América Latina</subfield>
      <subfield code="c"> , 1971</subfield>
    </datafield>
    <datafield tag="440" ind1=" " ind2=" ">
      <subfield code="a">Biblioteca fundamental del hombre moderno</subfield>
      <subfield code="v">49</subfield>
    </datafield>
    <datafield tag="490" ind1=" " ind2=" ">
      <subfield code="a">Biblioteca fundamental del hombre moderno</subfield>
      <subfield code="v">49</subfield>
    </datafield>
    <datafield tag="505" ind1="0" ind2="0">
      <subfield code="g">p. 7-63</subfield>
      <subfield code="g">- LITERATURA ALEMANA|- TEATRO ALEMAN</subfield>
      <subfield code="r">Kleist, Heinrich von</subfield>
      <subfield code="t">El príncipe de Homburgo</subfield>
    </datafield>
    <datafield tag="505" ind1="0" ind2="0">
      <subfield code="g">p. 64-95</subfield>
      <subfield code="g">- LITERATURA ALEMANA|- TEATRO ALEMAN</subfield>
      <subfield code="r">Büchner, Georg</subfield>
      <subfield code="t">Leonce y Lena</subfield>
    </datafield>
    <datafield tag="505" ind1="0" ind2="0">
      <subfield code="g">p. 96-157</subfield>
      <subfield code="g">- LITERATURA ALEMANA|- TEATRO ALEMAN</subfield>
      <subfield code="r">Wedekind, Frank</subfield>
      <subfield code="t">La caja de Pandora</subfield>
    </datafield>
    <datafield tag="773" ind1="0" ind2="#">
      <subfield code="a">Kleist, Heinrich von</subfield>
      <subfield code="g">- LITERATURA ALEMANA|- TEATRO ALEMAN</subfield>
      <subfield code="h">p. 7-63</subfield>
      <subfield code="t">El príncipe de Homburgo</subfield>
    </datafield>
    <datafield tag="773" ind1="0" ind2="#">
      <subfield code="a">Büchner, Georg</subfield>
      <subfield code="g">- LITERATURA ALEMANA|- TEATRO ALEMAN</subfield>
      <subfield code="h">p. 64-95</subfield>
      <subfield code="t">Leonce y Lena</subfield>
    </datafield>
    <datafield tag="773" ind1="0" ind2="#">
      <subfield code="a">Wedekind, Frank</subfield>
      <subfield code="g">- LITERATURA ALEMANA|- TEATRO ALEMAN</subfield>
      <subfield code="h">p. 96-157</subfield>
      <subfield code="t">La caja de Pandora</subfield>
    </datafield>
    <datafield tag="942" ind1=" " ind2=" ">
      <subfield code="c">BK</subfield>
    </datafield>
    <datafield tag="952" ind1=" " ind2=" ">
      <subfield code="a">BIB_UARG</subfield>
      <subfield code="b">BIB_UARG</subfield>
      <subfield code="d">2015-06-01</subfield>
      <subfield code="y">BK</subfield>
      <subfield code="p">05-47343</subfield>
    </datafield>
  </record>