
  <record>
    <leader>01000aam  22002601a 4500</leader>
    <controlfield tag="001">YPZ99644</controlfield>
    <controlfield tag="003">YPZ</controlfield>
    <controlfield tag="005">201506041558560</controlfield>
    <controlfield tag="008">150604|###########||||||b||||||||||spa|d</controlfield>
    <datafield tag="040" ind1=" " ind2=" ">
      <subfield code="c">SIUNPA</subfield>
    </datafield>
    <datafield tag="041" ind1=" " ind2=" ">
      <subfield code="a">spa</subfield>
    </datafield>
    <datafield tag="044" ind1=" " ind2=" ">
      <subfield code="a">AR</subfield>
    </datafield>
    <datafield tag="082" ind1=" " ind2=" ">
      <subfield code="a">821.133.1 F587u</subfield>
    </datafield>
    <datafield tag="100" ind1=" " ind2=" ">
      <subfield code="a">Flaubert, Gustave.</subfield>
    </datafield>
    <datafield tag="245" ind1=" " ind2=" ">
      <subfield code="a">Un corazón simple</subfield>
      <subfield code="c"> / Lemos, Hortensia, tr.</subfield>
    </datafield>
    <datafield tag="260" ind1=" " ind2=" ">
      <subfield code="a">Buenos Aires</subfield>
      <subfield code="b"> : Centro Editor de América Latina</subfield>
      <subfield code="c"> , 1971</subfield>
    </datafield>
    <datafield tag="440" ind1=" " ind2=" ">
      <subfield code="a">Biblioteca fundamental del hombre moderno</subfield>
      <subfield code="v">23</subfield>
    </datafield>
    <datafield tag="490" ind1=" " ind2=" ">
      <subfield code="a">Biblioteca fundamental del hombre moderno</subfield>
      <subfield code="v">23</subfield>
    </datafield>
    <datafield tag="505" ind1="0" ind2="0">
      <subfield code="g">p. 47-80</subfield>
      <subfield code="g">- LITERATURA FRANCESA|- CUENTO</subfield>
      <subfield code="r">Flaubert, Gustave</subfield>
      <subfield code="t">La leyenda de San Julián el hospitalario</subfield>
    </datafield>
    <datafield tag="505" ind1="0" ind2="0">
      <subfield code="g">p. 81-119</subfield>
      <subfield code="g">- LITERATURA FRANCESA|- CUENTO</subfield>
      <subfield code="r">Flaubert, Gustave</subfield>
      <subfield code="t">Herodías</subfield>
    </datafield>
    <datafield tag="773" ind1="0" ind2="#">
      <subfield code="a">Flaubert, Gustave</subfield>
      <subfield code="g">- LITERATURA FRANCESA|- CUENTO</subfield>
      <subfield code="h">p. 47-80</subfield>
      <subfield code="t">La leyenda de San Julián el hospitalario</subfield>
    </datafield>
    <datafield tag="773" ind1="0" ind2="#">
      <subfield code="a">Flaubert, Gustave</subfield>
      <subfield code="g">- LITERATURA FRANCESA|- CUENTO</subfield>
      <subfield code="h">p. 81-119</subfield>
      <subfield code="t">Herodías</subfield>
    </datafield>
    <datafield tag="942" ind1=" " ind2=" ">
      <subfield code="c">BK</subfield>
    </datafield>
    <datafield tag="952" ind1=" " ind2=" ">
      <subfield code="a">BIB_UARG</subfield>
      <subfield code="b">BIB_UARG</subfield>
      <subfield code="d">2015-06-01</subfield>
      <subfield code="y">BK</subfield>
      <subfield code="p">05-47345</subfield>
    </datafield>
  </record>