
  <record>
    <leader>01000aam  22002601a 4500</leader>
    <controlfield tag="001">YPZ99694</controlfield>
    <controlfield tag="003">YPZ</controlfield>
    <controlfield tag="005">201508131610120</controlfield>
    <controlfield tag="008">150813|###########||||||b||||||||||spa|d</controlfield>
    <datafield tag="040" ind1=" " ind2=" ">
      <subfield code="c">SIUNPA</subfield>
    </datafield>
    <datafield tag="041" ind1=" " ind2=" ">
      <subfield code="a">spa</subfield>
    </datafield>
    <datafield tag="044" ind1=" " ind2=" ">
      <subfield code="a">AR</subfield>
    </datafield>
    <datafield tag="082" ind1=" " ind2=" ">
      <subfield code="a">512.54 A383i</subfield>
    </datafield>
    <datafield tag="100" ind1=" " ind2=" ">
      <subfield code="a">Alexandroff, P. S..</subfield>
    </datafield>
    <datafield tag="245" ind1=" " ind2=" ">
      <subfield code="a">Introducción a la teoría de los grupos</subfield>
      <subfield code="c"> / Quastler, Juana Elisa, tr.</subfield>
    </datafield>
    <datafield tag="260" ind1=" " ind2=" ">
      <subfield code="a">Buenos Aires</subfield>
      <subfield code="b"> : Eudeba</subfield>
      <subfield code="c"> , 1965</subfield>
    </datafield>
    <datafield tag="440" ind1=" " ind2=" ">
      <subfield code="a">Calidad de la educación</subfield>
      <subfield code="a">Biblioteca nueva Pedagogía</subfield>
      <subfield code="a">Manuales</subfield>
      <subfield code="a">Manuales</subfield>
      <subfield code="a">Serie de compendios Schaum</subfield>
      <subfield code="a">Serie C</subfield>
      <subfield code="a">Cuadernos de Eudeba</subfield>
      <subfield code="v">132</subfield>
    </datafield>
    <datafield tag="490" ind1=" " ind2=" ">
      <subfield code="a">Calidad de la educación</subfield>
      <subfield code="a">Biblioteca nueva Pedagogía</subfield>
      <subfield code="a">Manuales</subfield>
      <subfield code="a">Manuales</subfield>
      <subfield code="a">Serie de compendios Schaum</subfield>
      <subfield code="a">Serie C</subfield>
      <subfield code="a">Cuadernos de Eudeba</subfield>
      <subfield code="v">132</subfield>
    </datafield>
    <datafield tag="942" ind1=" " ind2=" ">
      <subfield code="c">BK</subfield>
    </datafield>
    <datafield tag="952" ind1=" " ind2=" ">
      <subfield code="a">BIB_UACO</subfield>
      <subfield code="b">BIB_UACO</subfield>
      <subfield code="d">2015-08-13</subfield>
      <subfield code="y">BK</subfield>
      <subfield code="p">02-47396</subfield>
    </datafield>
  </record>