
  <record>
    <leader>01000aam  22002601a 4500</leader>
    <controlfield tag="001">YPZ99722</controlfield>
    <controlfield tag="003">YPZ</controlfield>
    <controlfield tag="005">201508250922040</controlfield>
    <controlfield tag="008">150825|###########||||||b||||||||||spa|d</controlfield>
    <datafield tag="040" ind1=" " ind2=" ">
      <subfield code="c">SIUNPA</subfield>
    </datafield>
    <datafield tag="041" ind1=" " ind2=" ">
      <subfield code="a">spa</subfield>
    </datafield>
    <datafield tag="044" ind1=" " ind2=" ">
      <subfield code="a">AR</subfield>
    </datafield>
    <datafield tag="082" ind1=" " ind2=" ">
      <subfield code="a">338.48 L754l2</subfield>
    </datafield>
    <datafield tag="245" ind1=" " ind2=" ">
      <subfield code="a">Lineamientos para la mejora de la formación de recursos humanos en turismo</subfield>
      <subfield code="c"> / Villagra, Elbio Gustavo, coord. ; Navarro, Fernando, coord. ; Muro, Marta, coord. ; Montero, Pablo, coord. ; Minder, Inés Anita, coord. ; Lonati, Fernando, coord.</subfield>
    </datafield>
    <datafield tag="250" ind1=" " ind2=" ">
      <subfield code="a">2a ed. rev.</subfield>
    </datafield>
    <datafield tag="260" ind1=" " ind2=" ">
      <subfield code="a">Buenos Aires</subfield>
      <subfield code="b"> : Ministerio de Turismo de la Nación</subfield>
      <subfield code="c"> , 2014</subfield>
    </datafield>
    <datafield tag="942" ind1=" " ind2=" ">
      <subfield code="c">BK</subfield>
    </datafield>
    <datafield tag="952" ind1=" " ind2=" ">
      <subfield code="a">BIB_UARG</subfield>
      <subfield code="b">BIB_UARG</subfield>
      <subfield code="d">2015-08-25</subfield>
      <subfield code="y">BK</subfield>
      <subfield code="p">05-47417</subfield>
    </datafield>
  </record>