
  <record>
    <leader>01000aam  22002601a 4500</leader>
    <controlfield tag="001">YPZ99734</controlfield>
    <controlfield tag="003">YPZ</controlfield>
    <controlfield tag="005">201508261637300</controlfield>
    <controlfield tag="008">150826|###########||||||b||||||||||spa|d</controlfield>
    <datafield tag="040" ind1=" " ind2=" ">
      <subfield code="c">SIUNPA</subfield>
    </datafield>
    <datafield tag="041" ind1=" " ind2=" ">
      <subfield code="a">spa</subfield>
    </datafield>
    <datafield tag="044" ind1=" " ind2=" ">
      <subfield code="a">AR</subfield>
    </datafield>
    <datafield tag="082" ind1=" " ind2=" ">
      <subfield code="a">81'38 G965e</subfield>
    </datafield>
    <datafield tag="100" ind1=" " ind2=" ">
      <subfield code="a">Guiraud, Pierre.</subfield>
    </datafield>
    <datafield tag="245" ind1=" " ind2=" ">
      <subfield code="a">La estilística</subfield>
      <subfield code="c"> / Castagnino, Raúl H., ed. ; Torres Agüero, Marta G. de, tr.</subfield>
    </datafield>
    <datafield tag="260" ind1=" " ind2=" ">
      <subfield code="a">Buenos Aires</subfield>
      <subfield code="b"> : Nova</subfield>
      <subfield code="c"> , 1960</subfield>
    </datafield>
    <datafield tag="440" ind1=" " ind2=" ">
      <subfield code="a">Colección panoramas del siglo XX</subfield>
      <subfield code="a">Lenguas y estudios literarios</subfield>
      <subfield code="a">Biblioteca Juana María Gutiérrez</subfield>
      <subfield code="a">Historia y crítica literarias</subfield>
      <subfield code="a">Temas de Eudeba / Teatro</subfield>
      <subfield code="a">Nueva criminologia y derecho</subfield>
      <subfield code="a">Compendios Nova de iniciación cultural</subfield>
      <subfield code="v">1</subfield>
    </datafield>
    <datafield tag="490" ind1=" " ind2=" ">
      <subfield code="a">Colección panoramas del siglo XX</subfield>
      <subfield code="a">Lenguas y estudios literarios</subfield>
      <subfield code="a">Biblioteca Juana María Gutiérrez</subfield>
      <subfield code="a">Historia y crítica literarias</subfield>
      <subfield code="a">Temas de Eudeba / Teatro</subfield>
      <subfield code="a">Nueva criminologia y derecho</subfield>
      <subfield code="a">Compendios Nova de iniciación cultural</subfield>
      <subfield code="v">1</subfield>
    </datafield>
    <datafield tag="942" ind1=" " ind2=" ">
      <subfield code="c">BK</subfield>
    </datafield>
    <datafield tag="952" ind1=" " ind2=" ">
      <subfield code="a">BIB_UARG</subfield>
      <subfield code="b">BIB_UARG</subfield>
      <subfield code="d">2015-08-21</subfield>
      <subfield code="y">BK</subfield>
      <subfield code="p">05-47447</subfield>
    </datafield>
  </record>